3294 4700
710 862 830 951 Pars
861 860 923 948 11.

533 1079 738 1192 Quaestione
769 1079 944 1204 exoguicoe
975 1078 1110 1174 critiae

302 1413 372 1481 Sat.
402 1411 419 1476 Ι
448 1431 497 1478 vr.
528 1412 579 1478 11.
612 1412 662 1478 la.
707 1409 756 1474 De
789 1429 940 1475 versuum
971 1411 1095 1480 11:12.
1118 1412 1151 1474 et
1173 1407 1384 1495 dispositione
1407 1416 1440 1476 et

201 1524 470 1609 ‘nterpretatione
507 1539 644 1606 magnae
682 1520 770 1606 apud
804 1521 890 1594 viros
926 1520 1038 1587 doctos
1070 1527 1201 1586 exstant
1230 1520 1440 1588 differentiae.

201 1639 311 1722 Atque
334 1637 474 1721 primum
497 1636 641 1700 exoritur
664 1634 822 1716 quaestio,
853 1639 963 1698 utrum
987 1634 1105 1728 ‚‚nolo“
1128 1629 1197 1703 voc.
1219 1635 1254 1699 in
1276 1656 1372 1731 versu
1392 1641 1440 1702 ‘ll

200 1750 387 1815 adversario
435 1771 477 1814 an
506 1753 622 1832 poetae
652 1744 898 1815 attribuendum
921 1749 973 1816 sit.
1019 1745 1137 1812 Omnes
1160 1745 1226 1812 lere
1249 1748 1442 1832 interpretes

200 1860 378 1926 adversarii
406 1881 476 1926 esse
505 1859 694 1927 diiudicant.
738 1859 790 1927 Ita
821 1857 1047 1924 Casaubonus:
1083 1857 1285 1925 Concludens
1316 1860 1443 1947 (poeta)

201 1973 354 2054 satiram,
385 1973 507 2055 inquit,
549 1971 678 2036 omnino
702 1991 737 2036 se
759 1971 956 2054 scripturum
979 1970 1105 2034 veniam
1127 1969 1206 2034 facti
1227 1973 1327 2055 petit,
1356 1972 1444 2055 quod

208 2084 293 2150 alter
327 2082 424 2149 verbo
461 2088 570 2167 negat.
615 2083 760 2161 Quocum
798 2081 1006 2147 consentiunt
1035 2081 1172 2147 Jahnius
1200 2083 1234 2147 in
1270 2083 1319 2151 ed.
1356 2085 1443 2165 mai,

204 2195 393 2278 Passovius,
423 2195 490 2263 alii.
519 2194 729 2261 Heinrichius
759 2200 869 2260 autem
900 2195 997 2260 aliter
1027 2194 1247 2278 sentitatque
1270 2195 1446 2263 siclorum

203 2306 360 2394 explicat:
384 2312 471 2389 tunc,
495 2312 574 2372 tunc
596 2307 756 2390 ignoscite
777 2305 871 2372 nolo:
916 2309 1012 2377 Quum
1033 2309 1163 2394 betgeibt,
1192 2321 1276 2376 meua
1299 2309 1338 2394 iu
1364 2309 1444 2395 iente

203 2420 381 2506 bettorbteut
402 2420 472 2503 uid)
493 2421 567 2506 ctrbt
586 2423 666 2506 melu
687 2420 786 2506 boitro
807 2422 890 2489 toro.
935 2419 1018 2486 Nolo
1041 2421 1104 2507 [ibt
1125 2439 1195 2488 mou
1219 2421 1371 2508 odgerum
1393 2426 1446 2491 tm

205 2531 472 2620 deproperare
494 2531 543 2598 cio
566 2531 626 2598 etue
648 2531 758 2618 tropice
780 2533 965 2620 ibetgrtuug,
987 2532 1029 2599 bie
1051 2531 1119 2600 oter
1138 2537 1230 2600 ettoce
1245 2533 1360 2622 botilo)
1382 2537 1467 2622 bera

205 2645 377 2718 ouetouut
406 2647 473 2715 ileo
502 2643 621 2729 {liciter
649 2642 711 2730 iugi
733 2653 800 2715 rot.
820 2644 878 2730 gob
899 2645 998 2732 nebus
1020 2645 1077 2712 mir
1099 2659 1151 2714 bot
1172 2646 1264 2732 etrite
1282 2665 1317 2732 gu
1339 2646 1445 2735 legem
1477 2636 1478 2639 '

203 2768 269 2828 uua
290 2757 354 2827 tetii
376 2757 415 2845 iob
437 2757 506 2826 obet
527 2757 664 2843 momen?
1349 2820 1353 2826 ,

308 2869 494 2936 Heinrichio
516 2870 614 2955 plane
637 2869 795 2950 concedo,
825 2869 928 2934 multo
950 2869 1059 2952 aptius
1083 2869 1199 2951 „nolo“
1222 2891 1290 2937 voc.
1311 2871 1447 2940 attribui

214 2988 348 3068 poetae,
391 3003 489 3065 quam
537 2981 643 3047 alteri.
704 2979 767 3046 Sed
806 2981 841 3044 in
862 2979 923 3044 hoo
951 2979 992 3045 ab
1029 3002 1066 3046 eo
1089 2980 1254 3064 dissentio,
1276 2983 1364 3067 quod
1386 3005 1448 3051 vox

182 3171 184 3176 ,
211 3093 407 3178 ‚,ignoscite“
447 3093 627 3158 arctissime
651 3090 814 3176 iungenda
838 3091 917 3156 mihi
943 3091 1072 3158 videtur
1094 3113 1166 3160 cum
1196 3116 1264 3164 voc.
1290 3103 1446 3181 sequente

212 3205 343 3291 „nolo“;
366 3227 431 3272 non
454 3225 527 3270 oum
549 3200 817 3290 praecedentibus
840 3209 928 3286 tuno,
951 3209 1047 3290 tunc3
1071 3206 1170 3272 itaut
1184 3228 1312 3274 versum
1331 3213 1368 3274 ll
1385 3209 1447 3276 hoc

206 3319 303 3387 modo
326 3317 425 3385 scribi
448 3323 599 3404 oporteat
621 3367 630 3386 .
653 3367 663 3388 .
686 3359 694 3385 .
717 3323 795 3382 tunc
818 3323 896 3384 tunc
917 3355 961 3366 -
982 3319 1141 3403 ignoscite
1162 3321 1248 3388 nolo.

312 3432 417 3511 Quem
454 3432 575 3515 optime
607 3429 688 3496 haec
717 3428 887 3498 verborum
918 3430 1106 3498 distributio
1139 3432 1181 3499 ad
1215 3435 1448 3500 sententiarum

205 3566 326 3614 nexum
355 3549 526 3628 totumque
548 3542 654 3608 locum
677 3541 825 3626 quadret,
862 3544 1050 3629 explicatio,
1085 3549 1122 3609 ut
1146 3565 1259 3629 spero,
1281 3543 1447 3629 probabit.

210 3695 253 3709 -·-
275 3658 395 3724 Poetae
420 3676 493 3720 cum
515 3656 620 3739 primo
642 3673 737 3721 versu
759 3659 924 3738 tamquam
948 3661 1174 3740 argumentum
1202 3656 1305 3721 totius
1328 3657 1448 3724 satirae

210 3769 365 3853 protulit,
396 3769 481 3834 alter
503 3787 599 3850 quem
623 3787 732 3832 secum
756 3767 992 3850 colloquentem
1015 3767 1125 3850 fingit,
1150 3767 1316 3834 dissuadet
1337 3791 1378 3835 ne
1401 3775 1450 3836 tn-

209 3880 256 3946 lia
279 3878 412 3960 scribat,
435 3881 587 3962 quoniam
610 3899 703 3944 nemo
726 3878 869 3944 lecturus
892 3879 945 3946 sit.
970 3879 1072 3944 Poeta
1087 3879 1181 3963 quasi
1203 3881 1449 3966 expergefaetus

211 4015 229 4060 e
251 3991 464 4060 meditatione
494 3998 527 4057 et
548 3990 719 4072 dubitans,
755 4012 833 4056 num
856 3990 917 4056 sibi
944 3991 1003 4055 illa
1024 3989 1123 4058 verba
1145 3991 1313 4075 dicantur,
1350 3995 1451 4061 inter-

210 4112 328 4193 rogat:
351 4105 429 4170 Min'
451 4105 540 4170 istud
563 4105 634 4170 ais?
656 4104 767 4188 Fingit
782 4104 867 4168 enim
883 4123 917 4167 se
934 4102 1102 4188 concipere
1128 4125 1194 4170 non
1211 4126 1316 4190 posse,
1339 4127 1450 4173 omnes

196 4219 292 4302 ,adeo
326 4239 396 4286 esse
429 4219 640 4302 depravatos,
677 4221 715 4279 ut
748 4236 842 4282 nemo
871 4215 1002 4280 virtutis
1031 4221 1208 4300 praecepta
1229 4217 1308 4280 velit
1325 4217 1449 4284 audire.

211 4331 294 4398 Tum
316 4331 418 4410 alter,
449 4328 536 4412 quod
559 4333 656 4392 antea
678 4326 771 4405 dixit,
793 4323 975 4390 affirmans:
998 4325 1060 4406 Ita,
1083 4331 1119 4388 tu
1142 4346 1187 4406 es,
1209 4325 1300 4390 cuius
1323 4329 1445 4411 scripta

212 4463 234 4510 a
254 4441 344 4508 nullo
366 4442 531 4527 legentur:
548 4439 656 4506 Nemo
669 4436 809 4505 hercule.
831 4435 950 4500 Poetae
965 4457 1034 4501 rem
1055 4437 1103 4500 ita
1119 4457 1152 4501 se
1170 4433 1291 4502 habere
1305 4437 1448 4503 nondum
