3294 4700
731 75 938 88 —d-—-

213 201 343 273 Persius
367 199 587 280 demonstrat,
619 217 715 282 quam
739 195 838 261 stulte
861 195 974 260 Jovem
996 189 1146 278 improba
1167 197 1244 260 vota
1266 189 1455 260 auditurum

214 338 286 388 esse
322 319 446 402 speret,
489 332 561 377 cum
601 310 701 375 etiarn
721 307 884 374 hominem
915 307 1148 391 nequissimum
1177 306 1259 372 talia
1284 303 1456 391 repudiare

215 427 369 498 ostendit.
411 423 506 505 Quod
527 422 623 489 Jahn.
645 419 762 487 deinde
784 425 930 500 annotat,
953 419 1076 484 homini
1098 419 1240 504 pessimo
1253 423 1286 483 et
1302 422 1456 501 corrupto

214 561 276 608 nec
296 539 384 606 bona
403 555 463 602 noc
485 535 573 601 mala
595 537 672 600 vota
693 531 789 598 facile
812 552 908 615 quern
924 531 1158 614 commendare,
1175 531 1332 598 mihinon
1346 551 1457 598 rerum

214 651 354 720 ridetur.
376 648 423 717 Ut
444 648 541 714 alicui
563 645 651 712 mala
672 649 749 713 rota
764 645 980 726 committant,
1005 643 1151 710 homines
1166 643 1348 730 improbum
1359 666 1459 729 quen-

217 758 294 832 dam
315 763 445 846 eligent,
467 780 532 848 non
555 779 638 841 eum,
670 757 726 842 qui
759 755 837 823 boni
858 756 1004 840 rectique
1025 755 1137 821 iudicii
1161 757 1214 825 sit.
1258 759 1365 842 Atque
1387 779 1460 824 cum

216 876 279 944 hoc
313 874 384 941 loco
411 873 452 939 de
474 872 569 938 malis
591 871 676 937 votis
699 875 833 953 agatur,
872 869 1038 953 aptissime
1068 869 1193 952 petitur
1216 870 1398 954 exemplum
1413 870 1462 936 -de

217 987 346 1056 homine
368 989 533 1070 corrupto.

321 1095 434 1164 Altera
456 1102 506 1162 est
529 1096 688 1181 quaestio,
710 1099 819 1160 utrum
842 1092 969 1177 signum
991 1094 1256 1178 interrogationis
1276 1095 1461 1179 ponendum

217 1213 262 1280 sit
289 1216 365 1297 post
397 1208 556 1292 „haercs,⁴‘
581 1207 713 1274 anhace
735 1204 849 1272 verber
870 1205 1049 1271 anscilicet
1070 1205 1211 1284 haeres“
1234 1213 1325 1274 arcte
1348 1228 1460 1275 consc-

222 1323 324 1392 tenda
357 1323 423 1388 sint
460 1341 534 1386 oum
563 1341 659 1386 versu
695 1324 859 1403 sequente.
897 1316 1064 1397 Quomodo
1087 1319 1321 1386 sententiarum
1345 1341 1464 1396 nerum

213 1435 415 1520 concipiam,
437 1453 537 1518 supra
558 1432 624 1498 iam
647 1431 791 1517 exposui.
815 1430 938 1497 Contra
961 1429 1098 1500 Oasaub.
1121 1437 1246 1498 monet:
1285 1432 1395 1514 „Haec
1417 1435 1466 1502 ita

223 1568 289 1614 uno
312 1547 430 1632 spiritu
452 1544 671 1612 continuanda
692 1543 824 1610 sublata
845 1543 1109 1627 interrogationis
1139 1548 1227 1627 nota,
1263 1565 1347 1628 quae
1369 1545 1465 1632 vulgo

170 1671 178 1684 '
221 1659 354 1746 ponitur
374 1663 451 1744 post
465 1657 598 1741 „haeres
608 1662 637 1723 :“
660 1657 794 1738 scilicet,
817 1656 934 1740 inquit,
944 1654 1094 1722 dubitare
1116 1655 1235 1741 aliquis
1256 1658 1388 1742 potest?
1404 1658 1466 1726 hoc
1511 1636 1514 1653 ⁸
1540 1695 1544 1702 ·

223 1778 287 1839 est:
311 1772 441 1839 omnino
464 1770 617 1837 dubitare
640 1789 734 1836 nemo
756 1773 882 1854 potest,
911 1769 990 1853 quin
1020 1767 1135 1834 melior
1154 1770 1197 1834 sit
1218 1769 1348 1836 tuturus
1370 1771 1468 1838 iudex

223 1884 353 1971 Jupiter
374 1904 473 1967 quam
496 1882 637 1952 Staius.“
661 1883 706 1948 At
728 1882 817 1948 color
839 1881 990 1948 satiricus
1012 1880 1116 1947 multo
1138 1882 1242 1966 magis
1266 1889 1415 1950 seruatur
1430 1889 1464 1950 et

228 1996 375 2079 adeam,
398 2015 496 2080 quam
519 1993 652 2061 adhibet
664 2000 773 2079 poeta,
797 1992 1046 2078 argumentandi
1067 1993 1228 2060 rationem
1250 1995 1365 2062 melius
1389 2018 1469 2082 qup-

227 2107 318 2190 drat,
347 2107 376 2173 si
405 2127 470 2173 non
503 2106 585 2174 adeo
608 2111 736 2192 spectat
757 2105 847 2172 Jovis
868 2104 1059 2187 bonitatem,
1082 2105 1139 2172 ssd
1160 2107 1269 2191 potius
1292 2107 1375 2176 Staii
1396 2132 1465 2178 ma·

226 2219 342 2288 litiam.
387 2219 478 2286 Haec
517 2220 603 2284 enim
639 2218 814 2304 praecipue
844 2222 922 2285 ante
951 2218 1061 2284 oculos
1083 2225 1225 2303 ponatur
1247 2228 1394 2306 oportet,
1431 2229 1470 2291 ut
1523 2277 1526 2283 .

225 2337 342 2420 postea
373 2352 411 2398 eo
442 2332 573 2418 gravior
601 2329 660 2396 fiat
690 2330 870 2397 conclusio:
908 2329 1111 2414 Quamquam
1141 2331 1250 2398 Staius
1272 2339 1322 2399 est
1344 2355 1470 2402 summa

227 2442 449 2529 improbitate,
482 2449 591 2510 tamen
628 2450 687 2520 tua
723 2448 801 2510 vota
831 2441 955 2510 reiciet.
978 2442 1188 2527 -Denique
1214 2445 1375 2512 incertum
1409 2454 1469 2532 est,

229 2555 468 2642 iungendnmne
500 2555 544 2622 sit
578 2555 666 2638 „vis“
704 2576 776 2622 oum
813 2555 947 2638 „Staio“
1002 2574 1044 2620 an
1086 2575 1160 2620 curn
1182 2557 1378 2640 precedente
1399 2581 1469 2630 voc.

231 2669 401 2758 ‚,ouinam“
425 2666 478 2755 (fr.
501 2666 613 2734 Heinr.
648 2666 843 2754 lectionem).
868 2666 948 2734 Cum
971 2668 1058 2750 „vis“
1082 2667 1124 2732 ad
1146 2669 1316 2750 „cuinam“
1340 2673 1472 2739 coniun-

230 2782 347 2867 gimus,
380 2785 451 2846 tum
473 2786 572 2866 poeta
604 2779 738 2864 „Staio“
772 2781 981 2865 responsione
1009 2781 1103 2864 quasi
1131 2781 1219 2866 cogit
1240 2781 1472 2868 adversarium,

231 2898 270 2958 nt
308 2871 490 2978 exemplum
512 2913 606 2958 suum
643 2893 794 2976 accipiat,
823 2891 858 2958 id
880 2891 1097 2976 quodminus
1120 2900 1371 2962 consentaneum
1392 2897 1473 2964 mihi

230 3001 369 3084 ridetur,
391 2990 488 3087 quam
511 3005 539 3069 si
562 3004 591 3070 si
614 3003 780 3088 concedat,
803 3025 1028 3090 quemcunque
1044 3005 1106 3072 sibi
1118 3006 1236 3092 eligere
1248 3007 1342 3076 velit:
1366 3010 1471 3078 maior

231 3114 318 3180 enim
340 3119 409 3182 turn
429 3116 515 3200 inest
536 3116 572 3182 in
594 3118 874 3204 argumentatione
896 3119 945 3186 vis
966 3114 1194 3204 persuadendi

336 3227 404 3294 Sat.
426 3227 485 3310 ΙΙΙ,
509 3231 539 3298 9.
940 3243 944 3252 “

251 3426 253 3430 ¹
338 3338 457 3408 Omnes
494 3340 562 3408 fere
604 3342 732 3411 codices
763 3342 908 3426 „findor“
931 3343 1103 3412 lectionem
1124 3346 1292 3431 praebent,
1327 3353 1424 3435 pauci
1436 3359 1474 3420 et

231 3449 358 3536 aliquot
379 3451 537 3520 editiones
559 3459 686 3522 veteres
708 3454 897 3536 ,‚finditnr“.
928 3455 1040 3525 Heinr.
1073 3455 1116 3524 ad
1137 3457 1223 3526 huno
1244 3460 1351 3532 locum
1373 3484 1474 3532 anuo·

230 3567 295 3629 tat:
318 3564 441 3632 Findor
462 3572 500 3632 ut
523 3614 531 3633 .
555 3617 564 3635 .
587 3565 622 3652 qt
644 3567 688 3635 tte
710 3569 893 3655 geutbultcbe
916 3571 1029 3656 tescit,
1051 3568 1079 3656 to
1101 3572 1158 3658 bap
1180 3575 1228 3640 tar
1250 3574 1387 3662 &ditior
1412 3576 1474 3646 tiro

231 3674 313 3760 iabit
342 3676 421 3764 lugu
453 3678 542 3748 cteta
571 3679 631 3747 ties
664 3678 700 3766 tlt
731 3699 803 3766 gcrq
824 3681 1009 3769 siccitatib
1033 3685 1093 3749 unt
1115 3683 1157 3751 tir
1179 3683 1300 3774 ddtlge.
1315 3687 1418 3756 taccat
1439 3687 1474 3775 qt

231 3783 377 3855 finditur.
400 3787 497 3858 Jahn
526 3810 599 3856 cum
631 3791 720 3857 etin
747 3791 797 3859 sd.
819 3793 896 3860 mai.
919 3798 954 3859 et
975 3794 1010 3858 in
1032 3795 1109 3862 min.
1133 3793 1279 3878 „findor“
1302 3802 1472 3886 receperit,

232 3901 344 3964 tamen
379 3897 627 3968 difficultatibus
662 3902 747 3969 hano
783 3903 954 3971 lectionem
991 3904 1193 3974 obstructam
1231 3929 1301 3976 esse
1337 3911 1474 3984 fatetur.

232 4007 304 4096 Ego
335 4031 398 4078 non
436 4032 536 4080 ausus
566 4033 647 4098 sum,
674 4016 791 4101 iuquit,
831 4015 896 4104 (ed.
934 4019 1009 4087 mai.
1046 4037 1123 4104 pag.
1146 4019 1202 4109 29)
1224 4021 1395 4091 lectionem
1419 4025 1474 4110 de-

232 4141 341 4190 ssrerc
372 4129 424 4191 tot
450 4126 619 4210 tantisque
640 4128 829 4196 auctoribus
851 4128 1023 4216 firmatam,
1045 4152 1130 4217 quae
1145 4153 1343 4220 quamquam
1363 4143 1475 4223 potest

236 4235 407 4322 explicari,
433 4237 551 4324 quibus
572 4218 784 4306 incommodis
806 4239 949 4324 laboret,
972 4263 1036 4308 non
1058 4264 1110 4308 me
1131 4245 1246 4330 sugit.“
1268 4249 1376 4332 Atque
1398 4248 1478 4331 „fin-

236 4345 346 4413 ditur“
375 4371 441 4418 non
470 4351 535 4416 nisi
557 4372 597 4416 ex
615 4351 867 4436 interpolatione
889 4358 998 4419 ortum
1020 4375 1090 4420 esse
1114 4355 1258 4440 iudicat,
1295 4359 1474 4444 laudatque
1555 4381 1557 4384 ·

236 4455 407 4528 Hautbalii
425 4463 644 4530 coniecturam
661 4460 865 4545 „findimurr‘
889 4463 1026 4531 Oasaub.
1041 4465 1091 4531 ita
1105 4465 1294 4552 distinguit:
1317 4471 1475 4556 turgescit

1244 4579 1265 4648 3
