3294 4700
7 4565 40 4660 t

193 194 279 257 esset
293 209 415 273 sensus,
427 199 687 278 exspectaremus
709 198 808 266 aliam
830 199 1114 284 comparationem,
1130 220 1228 283 quam
1244 220 1343 284 supra
1357 196 1435 269 dixi.

193 301 305 370 Heinr.
328 325 484 372 summam
518 309 667 394 imaginis
689 313 782 397 ponit
801 313 836 378 in
859 334 907 394 eo,
932 313 1020 397 quod
1041 312 1231 398 superficies
1254 314 1297 378 sit
1319 333 1435 398 spuma

200 415 324 499 polluta
358 439 397 483 ac
433 420 560 502 vitiata,
598 423 680 490 falso
710 446 781 492 meo
805 425 943 510 quidem·
957 427 1087 496 iudicio.
1112 430 1239 510 ,Atque
1261 447 1335 492 cum
1356 425 1436 490 mihi

196 525 346 594 videatur
377 540 603 616 „spumosum‘·
636 535 723 602 idem
760 557 875 603 sonare
909 539 996 622 quod
1025 561 1195 624 asperum,
1231 539 1316 604 sicut
1337 542 1436 604 antea

196 642 339 723 exposui,
363 645 582 712 coniecturam
605 649 673 714 eius
697 657 949 734 ,‚squam0sum“
971 652 1081 720 reicio.
1120 651 1204 730 Quid
1223 651 1328 717 altera
1350 671 1437 716 com·

197 754 324 835 paratio
358 755 398 821 de
435 778 526 824 ramo
557 761 649 826 arido
673 761 867 847 deprompta
889 761 951 828 sibi
974 762 1068 849 velit,
1104 763 1295 829 facillimum
1318 768 1368 830 est
1389 762 1438 828 in·

197 862 348 948 tellectu,
386 888 487 952 quare
522 872 619 956 plura
647 877 748 941 verba
777 874 817 940 de
838 875 900 940 hac
928 875 1036 941 facere
1058 875 1182 942 omitto.
1227 875 1320 954 Quod
1355 873 1438 940 bene

198 974 351 1044 disseruit
374 980 536 1071 Meister.;
559 985 670 1052 videas
692 987 787 1053 Jahn.
811 987 860 1054 ed.
884 987 959 1054 mai.
981 1008 1056 1072 pag.
1081 987 1154 1054 104.

300 1090 432 1159 Persius
455 1115 528 1162 cum
550 1119 662 1164 versus
689 1102 837 1166 99-103
860 1100 1020 1180 recitavit,
1045 1098 1155 1165 taedio
1177 1095 1312 1164 affectus
1335 1102 1368 1163 et
1390 1096 1439 1161 in-

125 1245 127 1248 ·
194 1221 306 1285 genua
327 1207 510 1273 concitatus
532 1209 754 1295 indignatione
775 1213 977 1297 interrogat:
1001 1210 1226 1292 Haecfierent,
1249 1207 1439 1276 sitasticuli

201 1335 283 1380 rena
305 1317 375 1383 ulla
396 1320 524 1403 paterni
547 1322 670 1388 viveret
692 1324 725 1387 in
749 1323 865 1390 nobis?
887 1345 936 1391 vv.
962 1327 1149 1390 107-110:
1173 1322 1237 1390 Sed
1259 1321 1337 1407 quid
1358 1341 1439 1406 opus

201 1475 208 1493 .
233 1479 241 1497 .
266 1471 274 1495 .
298 1429 409 1496 littera
417 1431 454 1496 ?“
478 1431 657 1501 adversarii
666 1457 735 1502 esse
756 1457 815 1522 per
836 1458 870 1503 se
892 1441 1001 1522 patet,
1024 1438 1081 1521 qui
1101 1456 1299 1520 quamquam
1318 1434 1440 1500 iustum

198 1545 316 1626 poetae
337 1542 494 1610 iudicium
517 1567 587 1612 asse
610 1548 785 1616 concedere
808 1558 940 1616 coactus
963 1554 1022 1630 est,
1054 1554 1176 1629 tamen,
1199 1552 1238 1612 ut
1260 1551 1310 1612 est
1332 1547 1440 1612 animo

199 1673 299 1739 pravo
312 1660 345 1722 et
366 1655 490 1738 humili,
512 1679 623 1726 verum
646 1660 753 1727 dicere
776 1662 857 1728 utile
879 1683 944 1728 non
966 1681 1036 1727 esse
1053 1659 1230 1727 contendit.
1251 1657 1441 1732 Difficultas

200 1767 312 1852 aliqua
334 1774 384 1834 ast
405 1770 439 1835 in
460 1792 537 1838 voce
563 1773 774 1858 „frigescant‘
799 1772 1055 1860 interpretanda.
1101 1769 1313 1838 Casaubonus
1333 1774 1441 1835 trans·

199 1881 304 1946 latum
327 1902 398 1948 esse
420 1889 529 1950 censet
552 1885 591 1952 de
614 1885 694 1952 cibis
716 1886 876 1971 pridianis
891 1907 929 1952 ac
945 1884 1083 1968 frigidis,
1107 1885 1162 1968 qui
1177 1881 1284 1948 minus
1298 1881 1439 1966 placent.

201 1993 246 2058 At
281 1993 343 2060 hoc
374 1994 471 2060 nimis
500 2002 661 2063 remotum
695 1999 891 2065 statianum
913 1997 992 2062 mihi
1013 1997 1151 2064 videtur.
1183 1995 1382 2078 Frigescere,
1404 1995 1443 2056 ut

205 2103 342 2170 Jahnius
364 2107 514 2191 explicat,
538 2108 579 2174 de
601 2131 711 2176 amore
734 2116 768 2176 st
789 2110 908 2193 studio,
931 2109 1019 2194 quod
1039 2108 1226 2190 remittitur,
1248 2108 1443 2191 usurpatum

201 2217 342 2300 pertinet
361 2219 462 2302 igitur
483 2241 596 2288 revera
618 2223 661 2288 ad
672 2224 811 2290 maiores
822 2224 920 2308 ipsos,
943 2222 984 2310 de
1007 2220 1124 2306 quibus
1147 2220 1191 2285 ad
1212 2219 1334 2300 limina,
1358 2236 1443 2302 quae

202 2329 267 2394 iam
290 2327 380 2396 adire
402 2352 467 2398 non
489 2332 575 2415 licat,
599 2337 795 2402 translatum
817 2343 876 2402 est.
901 2335 1056 2402 Similiter
1077 2334 1111 2398 in
1134 2355 1162 2401 v.
1186 2333 1248 2397 106
1266 2331 1387 2397 dicitur
1403 2328 1444 2395 de

204 2443 361 2509 carmine:
398 2465 458 2510 nec
479 2447 626 2530 pluteum
648 2448 765 2530 caedit,
787 2449 822 2514 id
843 2447 931 2532 quod
953 2453 1039 2514 esset
1059 2444 1205 2531 pedestri
1227 2461 1390 2510 sermone:
1413 2441 1443 2507 is

205 2555 261 2639 qui
283 2556 364 2622 talia
386 2559 532 2626 earmina
552 2562 676 2646 pangit,
699 2561 845 2646 pluteum
867 2582 933 2628 non
955 2558 1075 2641 caedit3
1099 2557 1248 2624 similiter
1267 2553 1356 2640 apud
1381 2554 1444 2619 Ta·

206 2669 306 2734 citum
329 2669 408 2751 XII,
433 2673 484 2752 16,
508 2671 544 2737 δὲ
577 2672 713 2740 eductas
733 2674 832 2740 altius
855 2679 962 2739 turres
984 2670 1109 2737 facibus
1131 2674 1230 2754 atque
1252 2668 1355 2734 hastis
1377 2671 1446 2733 tur-

205 2779 329 2847 babant
350 2782 508 2850 obsessos.
533 2822 573 2834 -

313 2894 351 2959 In
374 2895 480 2962 verbis
504 2917 647 2983 quoque:
672 2904 787 2980 „sonat
808 2898 861 2964 hia
873 2898 913 2963 de
925 2917 1003 2962 nare
1016 2895 1132 2962 canina
1146 2891 1449 2977 littera“sxplican-

209 3005 260 3071 dis
281 3006 478 3092 interpretes
494 3008 698 3077 dissentiunt.
722 3011 836 3080 Heinr.
857 3011 905 3077 ita
927 3009 1074 3094 exponit:
1098 3007 1158 3078 ute
1179 3006 1301 3092 &sober
1322 3005 1383 3090 [inb
1402 3002 1448 3070 eiu

215 3117 375 3184 irritabile
405 3140 516 3204 genus,
546 3123 625 3210 letett
661 3143 695 3210 pr
717 3125 825 3211 seigam
857 3123 958 3209 notet:
981 3125 1034 3192 utu
1055 3120 1142 3207 [tietptt
1164 3122 1220 3189 itu
1241 3119 1273 3185 tn
1295 3118 1341 3184 eiu
1363 3117 1450 3185 tura:

208 3231 330 3318 perurit.
354 3231 414 3302 ure
437 3232 626 3320 denotabat
647 3239 696 3302 ber
717 3237 909 3322 discretores,
932 3235 1131 3321 ttetteutpuntr
1152 3252 1187 3318 pr
1201 3232 1309 3318 putten,
1331 3231 1382 3317 tpct
1395 3229 1450 3295 mit

210 3346 271 3412 bem
293 3344 394 3414 &inne
416 3349 464 3413 ber
487 3346 584 3414 &trite
605 3347 697 3433 trtdptss
718 3367 753 3434 311
775 3349 856 3434 ttpurc
880 3348 923 3413 At
945 3366 1074 3413 errasse
1100 3345 1206 3410 virum
1228 3343 1450 3409 doctissimum

211 3455 368 3540 suspicor.
411 3457 624 3542 [tepidissima
661 3465 759 3545 posta
795 3460 941 3525 illustrat
970 3457 1058 3542 quod
1090 3462 1189 3522 antea
1211 3455 1294 3520 dixit
1316 3452 1451 3536 „limina

210 3569 369 3634 maiorum
407 3568 611 3654 frigescere.“
657 3572 759 3653 „Hic“
787 3573 872 3638 enim
905 3571 947 3636 ad
980 3571 1094 3637 limina
1115 3569 1276 3653 respicere
1298 3569 1446 3651 apparet.

213 3680 319 3764 Oanis,
335 3679 557 3768 quipriustibi
568 3682 685 3754 blande
697 3683 899 3766 occurrebat,
921 3704 1017 3765 nunc,
1034 3703 1107 3748 cum
1119 3680 1241 3747 domini
1256 3679 1308 3744 sui
1324 3697 1402 3761 erga
1416 3681 1450 3742 te

213 3813 305 3862 amor
315 3795 1134 3881 exstinctusest,minitabundushirristiclitteram
1142 3792 1292 3859 caninam
1302 3787 1450 3872 „r“edst.

317 3910 439 3990 1,119.
478 3915 678 3995 „nusquam“
709 3908 901 3978 vocabulum
931 3929 952 3974 a
988 3906 1149 3994 plerisque
1168 3902 1364 3972 'editoribus
1395 3898 1452 3966 ad·

214 4023 357 4088 versario
393 4022 493 4088 tribui
522 4023 627 4090 video.
656 4023 785 4104 Heium,
823 4023 1039 4101 Hermannus,
1069 4018 1166 4085 Jahn.
1195 4035 1324 4102 quoque
1345 4014 1379 4080 in
1401 4011 1452 4080 ed.

215 4135 290 4200 mai.
313 4133 356 4200 ad
378 4134 464 4199 hunc
486 4135 649 4217 pertinere
672 4134 871 4220 significant3
893 4133 989 4202 ined.
1005 4131 1081 4200 min.
1094 4130 1190 4198 Jahn.
1203 4127 1453 4207 mutavit,reots

215 4245 357 4330 quidem,
379 4250 418 4308 ut
439 4245 517 4308 mihi
539 4244 677 4312 videtur.
700 4245 798 4312 Vetat
821 4245 907 4310 enim
929 4244 1049 4328 dialogi
1064 4240 1209 4310 Persiani
1223 4243 1352 4318 natura,
1366 4236 1452 4302 hanc

216 4378 326 4422 vocem
349 4355 445 4420 alteri
467 4355 548 4421 dari.
572 4355 746 4438 Nunquam
768 4356 853 4421 enim
876 4363 999 4422 certam
1008 4355 1102 4440 fingit
1112 4371 1296 4438 personam,
1311 4365 1453 4433 quacum

255 4467 431 4553 ”squatum
454 4467 511 4536 sed
533 4468 626 4554 qnasi
647 4467 823 4557 imaginem
844 4468 983 4539 hominis
1004 4465 1168 4554 quandam
1184 4464 1315 4549 seipso,
1337 4462 1452 4529 contra
