3294 4700
821 2 863 76 ll

217 215 393 285 Praeterea
423 198 555 282 difficile
578 218 628 281 est
649 213 837 298 intellectu,
874 215 954 302 quid
975 213 1083 283 valeat
1104 214 1318 300 interrogatio
1352 213 1456 299 „Quid

1 426 2 433 ἵ
117 393 124 399 .
218 329 382 398 laeiam“?
405 328 432 395 si
447 327 656 414 parenthesin
668 327 771 394 solam
793 349 863 396 esse
885 329 1018 398 iudices.
1040 367 1084 378 -
1107 327 1154 395 Ut
1174 329 1297 412 paneis,
1309 329 1396 412 quod
1418 329 1459 396 do

220 443 282 510 hoo
304 442 377 509 loeo
400 441 515 523 sentio,
539 440 754 526 complectar:
776 441 856 508 Post
878 445 977 523 „tuno
999 446 1098 508 tune“
1113 439 1206 524 fingit
1224 446 1332 526 poeta,
1354 462 1388 507 se
1409 463 1459 508 re·

220 558 319 640 pente
342 553 543 620 deterreris
565 551 727 619 seribendi
750 553 895 620 oonsilio.
920 553 1005 634 Quid
1022 553 1164 619 faciam?
1186 557 1235 618 est
1249 554 1464 637 interrogatio

221 667 370 734 nutantis
392 671 492 750 atque
517 685 626 731 seeum
647 665 719 750 ipso
742 667 836 750 quasi
850 666 1036 750 pugnantis.
1061 665 1166 747 „Sed‘
1183 665 1340 731 rescindit
1354 687 1465 732 omnes

226 776 448 844 dubitationes
481 778 659 861 statimque
687 783 787 862 poeta
809 776 852 843 ad
874 799 936 855 res,
968 797 1052 862 quas
1074 778 1254 863 proposuit,
1276 778 1466 845 tractandas

221 889 438 975 progreditur.

325 1023 355 1069 v.
379 1006 419 1067 63
442 1021 513 1086 sqq.

327 1113 511 1196 Quaeritur,
533 1118 645 1180 utrum
667 1113 743 1180 inde
765 1136 786 1180 a
808 1135 904 1180 rersu
928 1119 969 1179 63
993 1115 1141 1199 dialogus
1157 1117 1210 1198 sit,
1233 1137 1344 1184 neone.
1367 1116 1463 1185 Jahn.

222 1228 256 1294 iu
278 1227 329 1296 ed.
351 1228 426 1294 mai.
449 1204 549 1311 signis
579 1226 737 1311 appositis
759 1226 802 1293 ad
824 1227 940 1293 verba:
980 1227 1077 1310 ,Quis
1105 1229 1218 1313 populi
1241 1249 1346 1296 sermo
1369 1231 1460 1296 est?“

224 1339 390 1424 dialogum
421 1359 492 1404 esse
521 1343 649 1421 monet,
687 1339 782 1404 reioit
809 1339 843 1404 in
874 1339 924 1409 ed.
954 1341 1030 1406 min.
1056 1340 1162 1408 Schol.
1185 1341 1225 1407 ad
1250 1342 1335 1408 huno
1357 1343 1463 1408 locum

225 1451 381 1518 adnotat:
419 1449 470 1516 Ad
493 1451 561 1516 eius
590 1471 762 1535 personam
784 1451 888 1533 redit,
922 1471 1019 1536 quam
1041 1453 1190 1538 superius
1211 1453 1335 1520 fecerat
1357 1455 1464 1522 dioen-

225 1569 308 1630 tem:
334 1584 443 1630 serum
465 1563 544 1628 mihi
566 1562 665 1628 dieite
688 1562 728 1628 de
750 1585 811 1632 me.
856 1563 981 1630 Deinde
1006 1572 1114 1632 motus
1150 1567 1373 1652 indignatione
1395 1575 1464 1636 tam

220 1689 340 1760 parvae
373 1676 579 1760 digressionis
610 1676 819 1760 parenthesin
856 1676 944 1746 feeit.
990 1678 1073 1743 Nam
1104 1684 1274 1744 contextus
1303 1679 1356 1746 hio
1394 1686 1463 1746 est:

223 1760 341 1854 V‘e‘fuim
366 1788 446 1853 mihi
468 1788 567 1854 dieite
589 1788 629 1854 de
652 1807 713 1870 me,
746 1790 818 1872 qnis
839 1789 951 1874 populi
975 1811 1080 1856 sermo
1104 1792 1178 1856 est?
1200 1791 1262 1858 hoo
1284 1798 1350 1857 est:
1385 1793 1464 1876 quid

220 1901 262 1968 de
283 1922 335 1966 me
356 1901 496 1986 populus
519 1901 689 1984 loquitur?
713 1921 755 1966 an
776 1900 897 1968 bonum
919 1909 1049 1986 poetam
1072 1924 1122 1968 me
1146 1900 1251 1970 dicit?
1274 1903 1352 1982 Quis
1368 1907 1463 1987 enim,

220 2013 284 2078 nisi
315 2013 460 2078 earmina
484 2063 492 2082 .
516 2062 524 2080 .
548 2061 557 2080 .
581 2061 588 2080 .
612 2013 679 2078 Aut
710 2015 876 2098 responsio
907 2017 1058 2082 convivae
1088 2016 1176 2081 illius
1202 2016 1383 2083 adulatoris
1405 2024 1465 2101 est,

224 2129 283 2190 aut
299 2125 402 2208 ipsius
424 2124 546 2190 Persii:
571 2123 655 2203 Quid
679 2125 778 2207 aliud,
801 2127 864 2191 nisi
887 2126 975 2210 quod
996 2128 1078 2194 talia
1100 2127 1357 2207 earmina-facis,
1380 2150 1464 2213 quae

221 2237 358 2304 mollitie
381 2243 414 2302 et
436 2243 550 2304 tenero
572 2237 679 2303 levore
703 2259 762 2304 suo
785 2237 942 2305 inoffensa
971 2238 1118 2308 defluunt
1144 2247 1177 2306 et
1191 2242 1307 2324 unguis
1316 2261 1462 2308 severum

219 2349 374 2416 iudicium
386 2349 644 2417 nonformidant.
661 2349 731 2416 Hoc
744 2350 874 2434 quidem
881 2370 941 2436 pro
954 2352 1164 2434 eertohaboo,
1174 2374 1246 2419 oum
1255 2353 1369 2420 verba:
1383 2353 1462 2432 Quis

221 2462 333 2547 populi
349 2482 455 2527 sermo
465 2462 537 2527 est?
547 2462 655 2526 divitis
666 2462 754 2528 illins
765 2463 1054 2546 interrogationem
1062 2464 1264 2547 indicaveris,
1273 2469 1459 2550 sequentia:

224 2573 303 2651 Quis
312 2574 418 2640 enim.
435 2623 443 2640 .
461 2622 491 2640 ..
507 2573 608 2659 ipsius
623 2574 725 2639 Persii
742 2577 984 2658 responsionem
1003 2582 1039 2643 'te
1061 2597 1126 2644 non
1147 2599 1242 2663 posse
1265 2580 1461 2648 existimare.

222 2685 296 2752 Non
333 2691 383 2751 est
420 2686 523 2768 enim,
560 2707 619 2751 our
651 2686 782 2752 Persius
811 2687 864 2752 hie
894 2695 1005 2772 partes
1028 2689 1157 2756 clientis
1194 2692 1387 2775 interrogati
1410 2713 1462 2758 su·

221 2799 358 2884 soipiat;
381 2819 441 2864 neu
461 2803 571 2884 potest
592 2799 715 2881 negari,
742 2798 840 2865 verba
862 2799 904 2865 ad
927 2805 1078 2867 naturam
1102 2802 1311 2888 ordinemque
1334 2805 1463 2872 clientis

221 2912 386 2996 aptissime
408 2909 486 2976 fieta
508 2931 590 2977 esse.
614 2913 767 2976 Attamen
787 2912 849 2978 hoo
871 2913 943 2979 loeo
955 2913 1104 3000 dialogus
1122 2917 1253 2982 omnino
1268 2917 1460 2992 statuendus

222 3043 287 3088 non
309 3027 369 3087 est.
392 3021 475 3087 Nam
496 3022 626 3086 Persius
649 3021 706 3086 ubi
727 3043 791 3088 non
814 3022 1034 3091 adversarium
1056 3047 1163 3092 seeum
1175 3029 1246 3113 ipso
1258 3038 1458 3115 pugnantem

223 3131 327 3216 lingit,
351 3132 408 3198 sed
430 3133 517 3198 inter
540 3133 623 3198 alias
644 3155 799 3219 personas
822 3135 986 3220 dialogum
1008 3138 1169 3220 instituit,
1200 3142 1378 3210 clarissime
1399 3147 1460 3214 hoe

226 3245 309 3311 solet
345 3244 500 3313 indicare.
545 3245 626 3311 Vide
665 3246 733 3316 Sat.
761 3247 820 3330 III,
853 3253 881 3313 7.
911 3249 1016 3315 Huius
1038 3253 1158 3318 satirae
1179 3254 1273 3322 initio
1294 3258 1393 3324 alium
1416 3260 1463 3326 lo-

219 3362 372 3442 quentem
410 3357 552 3442 inducit3
590 3360 663 3442 quis
690 3361 744 3442 sit,
766 3361 800 3425 in
823 3382 918 3427 versu
941 3365 971 3428 7.
994 3361 1089 3432 dicite
1113 3365 1205 3432 Unus
1227 3369 1276 3434 ait
1297 3373 1460 3438 comitum.

221 3469 258 3535 In
289 3470 402 3537 eadem
432 3471 537 3564 satire
567 3470 667 3536 habes
698 3473 881 3557 exemplum
909 3496 959 3541 vv.
982 3479 1023 3539 88
1046 3495 1127 3559 sqq,
1165 3478 1221 3544 ubi
1242 3479 1390 3566 dialogus
1413 3489 1462 3550 ost

221 3582 308 3646 inter
337 3587 507 3666 aegrotum
529 3589 563 3649 et
584 3583 762 3666 medicum,
798 3583 833 3650 id
857 3586 944 3669 quod
966 3587 1088 3654 diserte
1111 3589 1271 3674 signifieat
1293 3593 1327 3658 in
1349 3618 1378 3663 v.
1402 3601 1460 3662 90:

222 3691 284 3769 Qui
307 3693 388 3758 dicit
409 3694 544 3762 medico.
591 3695 750 3762 Advertas
779 3697 822 3762 ad
845 3700 966 3766 satirae
988 3699 1033 3766 IV
1055 3702 1203 3769 initium:
1248 3705 1328 3771 Rem
1350 3709 1463 3793 populi

226 3805 376 3868 tractas?
417 3805 592 3873 barbatum
626 3807 707 3873 haee
730 3809 825 3876 erede
846 3813 1038 3894 magistrum
1060 3812 1184 3896 dicere,
1216 3817 1351 3885 sorbitio
1374 3821 1462 3887 tollit

223 3933 320 3999 quem
342 3914 414 3980 dira
436 3918 578 4005 oioutae;
618 3920 698 3986 item
721 3921 789 3991 Sat.
813 3921 851 4004 V,
875 3927 916 3988 83
939 3944 1027 4007 sqq.:
1064 3926 1219 3996 Mendose
1242 3932 1377 4016 colligis,
1414 3935 1462 4000 in-

222 4029 295 4112 quit
319 4027 462 4110 Stoicus3
487 4051 515 4099 v.
542 4034 602 4095 132
624 4052 712 4116 sqq.:
736 4033 832 4099 Mane
855 4035 947 4119 piger
970 4039 1092 4105 stertis.
1116 4039 1238 4126 Surge,
1259 4045 1365 4128 inquit
1386 4067 1462 4114 ara·

221 4139 315 4224 ritia;
348 4161 378 4210 v.
404 4142 464 4208 161
489 4162 578 4227 sqq.:
604 4193 611 4208 .
636 4193 645 4213 .
668 4195 678 4214 .
700 4145 835 4212 crudum
866 4147 1116 4218 Chaerestratus
1138 4175 1278 4237 unguem
1301 4157 1462 4224 ebrodens

222 4251 271 4318 ait
290 4252 382 4322 haee.

1235 4491 1255 4556 2
