3294 4700
814 1 854 70 21

206 229 259 290 ,tao
281 232 312 284 er
333 219 382 283 ter
403 213 636 300 &casiatticus
657 213 781 282 turtius
802 231 894 300 perag
915 212 1011 296 linter
1035 209 1109 278 toirb
1122 211 1182 276 aab
1197 210 1298 296 gerute
1323 206 1351 293 lo
1366 207 1453 294 pecte

215 329 373 416 tirmiter,
403 327 444 395 bie
472 327 542 394 utet
572 325 701 406 Cicero,
738 325 848 390 Livius
872 329 929 392 urb
953 324 1043 412 pota
1066 324 1133 408 oud
1155 323 1226 390 ittet
1247 320 1367 405 Vergil
1381 335 1454 406 urg:

214 441 338 527 astreas
361 439 539 524 ublprccben.
560 440 645 506 bico
667 440 737 524 mut
758 439 835 524 uoti
852 438 1010 524 lelttctteu,
1033 447 1098 505 roca
1117 435 1260 522 eigeutltd)
1276 438 1324 503 ter
1339 434 1456 520 Ategua

214 553 275 638 bier
312 553 344 618 lu
373 556 421 619 ber
456 550 659 635 uberueuelteu
686 551 784 636 dioclis
816 552 863 617 cta
894 550 921 635 lo
952 550 1041 636 etuglg
1067 548 1237 634 bortrelttid)
1261 549 1292 616 iu
1315 547 1455 635 tluldlug
1559 605 1562 610 ,

214 664 322 750 turgt,
344 663 387 730 bie
408 663 486 747 {cult
507 663 737 748 titlescumbe
763 661 866 732 ettae
887 665 946 730 urb
969 661 1078 744 melete
1100 665 1149 729 ber
1170 661 1265 746 berte,
1293 661 1335 729 tie
1356 661 1389 728 br
1411 679 1455 747 ge:

214 777 314 862 taillac
335 777 457 846 iberico
478 776 538 861 tire
561 775 643 861 ptbc
664 775 779 862 artoldi
809 777 888 861 tutte
910 778 969 842 unt
991 787 1122 862 bogegeu
1144 773 1254 856 Vergil
1276 774 1327 858 Ῑίό)
1349 772 1455 858 petitu)

216 888 363 974 recitetur
395 891 509 973 mepte,
538 902 670 976 uogrgeo
696 888 769 974 letae
798 889 907 956 Aeneis
935 891 996 953 tem
1026 889 1208 971 resultabo
1231 887 1406 972 bulbucos
1427 887 1455 973 lo

216 1000 369 1086 etidcirco
398 1001 507 1086 tracte,
545 1000 599 1068 uie
620 1003 657 1086 lte
679 1001 740 1087 bier
762 999 914 1086 attibuit)
938 999 1117 1067 ttertdcbeu
1139 999 1288 1086 geresten
1308 999 1391 1067 mitt.
1413 1037 1456 1048 -

215 1110 352 1187 Adicere
375 1112 455 1178 mihi
475 1112 574 1178 liceat
599 1113 719 1181 Donati
742 1113 813 1199 (43)
838 1113 1073 1178 testimonium:
1101 1111 1457 1193 ,obtrectatoresVer·

215 1223 293 1309 gilio
321 1245 499 1308 numquam
530 1223 713 1292 defuerunt.
756 1225 820 1292 Illa
845 1207 977 1306 aetate,
1019 1245 1084 1310 qua
1106 1223 1220 1291 molles
1242 1243 1281 1290 ac
1300 1223 1457 1288 delicatos

217 1357 329 1402 versus
350 1336 385 1400 in
409 1357 534 1402 summo
556 1339 662 1421 pretio
684 1337 784 1404 fuisse
806 1338 938 1404 Persius
960 1339 1031 1422 ipse
1053 1341 1205 1416 testatur,
1227 1335 1306 1420 quid
1328 1335 1456 1412 mirum,

215 1447 400 1530 Aeneidem,
420 1470 503 1533 quae
526 1449 672 1516 nonnihil
693 1450 792 1516 habet
814 1448 889 1516 duri
911 1456 945 1516 et
966 1449 1092 1535 asperi,
1114 1469 1135 1514 a
1155 1447 1269 1514 multis
1293 1452 1457 1530 contemp-

217 1565 287 1626 tam
310 1567 343 1626 et
364 1562 519 1628 reiectam
542 1564 635 1629 esse?
657 1600 699 1612 -
722 1563 905 1644 Quaeritur,
929 1562 1008 1647 quid
1029 1560 1091 1630 sibi
1106 1561 1208 1627 velint
1223 1558 1338 1627 verba:
1365 1581 1458 1644 „spu-

215 1678 358 1739 mosum“
396 1679 430 1740 et
466 1676 604 1755 „cortice
637 1675 759 1763 pingui,
794 1680 832 1742 ut
869 1676 992 1742 ramale
1024 1679 1125 1740 'vetus
1157 1671 1312 1758 vegrandi
1342 1671 1456 1738 subere
1526 1737 1528 1742 .

216 1790 372 1850 coctum·“
421 1787 599 1856 Audiamus
622 1790 837 1874 interpretum
859 1789 1055 1868 sententias3
1078 1792 1149 1852 tum
1179 1786 1257 1871 qnid
1280 1784 1319 1851 dc
1340 1785 1402 1851 hac
1420 1807 1457 1852 re

215 1896 353 1964 sentiam
376 1899 553 1984 explicabo.

323 2009 552 2096 „Spumosum“
568 2067 571 2071 .
586 2014 719 2100 exponit
752 2013 877 2084 Schola
913 2016 966 2082 Ita
987 2011 1139 2100 asperum
1164 2033 1294 2080 carmen
1316 2018 1382 2092 est,
1419 2019 1458 2080 ut

216 2142 364 2207 spumam
385 2126 543 2196 remittat.

319 2237 456 2304 Jahnius
488 2239 648 2324 explicat:
691 2239 805 2307 Nonne
827 2240 889 2306 hoc
911 2260 1098 2326 spumosum
1120 2240 1142 2308 i.
1166 2260 1194 2307 e.
1213 2237 1374 2304 tumidum
1397 2259 1457 2304 nec

214 2347 312 2415 ullius
342 2351 504 2435 penderis,
527 2357 567 2419 ut
590 2374 706 2438 spuma
726 2354 761 2420 in
784 2352 952 2438 snpenficie
973 2357 1120 2438 apparet,
1149 2352 1229 2418 levis
1253 2355 1286 2418 et
1309 2351 1458 2417 celeriter

216 2464 434 2528 evanescens?

320 2573 433 2640 Heinr.
457 2597 654 2661 spumosum,
676 2579 735 2648 uolt
758 2579 1116 2667 &brunscapellum
1139 2577 1288 2663 uerutis,
1312 2580 1457 2664 autgegm:

216 2685 308 2772 gelept
330 2689 378 2755 ter
399 2689 510 2775 gtctteu
532 2691 658 2777 tapetes
679 2692 857 2779 &berticus
901 2692 1008 2776 Atque
1031 2694 1184 2756 annotat:
1208 2689 1377 2777 ttertiuge
1397 2689 1458 2776 pat

215 2799 301 2885 bislee
323 2801 365 2868 bu
389 2801 488 2870 &luce
518 2805 565 2871 ter
588 2804 685 2873 &tube
715 2787 812 2873 trinea
834 2806 921 2894 olilig
943 2805 1169 2892 eutlprccteubeu
1193 2804 1364 2890 tbcrocteu
1401 2802 1458 2870 utel

214 2911 311 2998 belles,
332 2927 418 2982 beru
440 2933 511 2984 mcc
533 2916 576 2984 bie
597 2917 717 3004 litiges
738 2918 893 3004 brittuli
916 2919 1037 3005 beteutt,
1059 2917 1137 2984 acre
1159 2933 1366 2998 squamosum
1389 2914 1410 2983 i.
1427 2935 1455 2982 e.

215 3042 376 3108 asperum·

318 3135 478 3220 Equidem
501 3158 611 3204 veram
633 3159 703 3206 esee
725 3141 921 3210 scholiastae
944 3145 1247 3231 interpretationem
1266 3162 1456 3231 persuasum

214 3244 330 3316 habeo.
372 3248 442 3328 Quo
478 3249 605 3318 facilius
626 3254 852 3339 perspiciatur,
882 3280 1032 3325 versuum
1067 3259 1093 3337 I,
1117 3263 1168 3324 63.
1193 3261 1236 3324 64
1256 3258 1337 3324 haec
1358 3254 1457 3321 verba

216 3358 441 3428 conferantur:
480 3365 623 3432 carmina
652 3367 743 3434 molli
765 3417 774 3435 .
797 3419 806 3437 .
830 3421 838 3438 .
860 3392 994 3438 numero
1023 3371 1133 3440 fluere.
1178 3372 1239 3436 His
1269 3371 1353 3436 enim
1372 3387 1456 3451 quae

219 3473 404 3540 continetur
427 3479 637 3562 comparatio,
650 3479 774 3563 pariter
796 3503 835 3547 ac
858 3504 941 3567 quae
964 3485 1051 3550 inest
1072 3486 1105 3550 in
1128 3484 1190 3550 hac
1213 3503 1290 3548 voce
1311 3499 1457 3566 ,spumo-

218 3590 321 3667 sum“,
343 3573 515 3673 desumpta
531 3595 580 3656 est
589 3591 629 3658 de
640 3589 781 3660 flumine.
802 3594 874 3662 illic
895 3617 1006 3662 versus
1029 3601 1260 3680 comparantur
1282 3614 1353 3659 cum
1369 3611 1456 3676 aqua

218 3697 360 3764 molliter
394 3699 572 3785 defluente,
604 3725 764 3790 nusquam
794 3707 971 3776 obstaculis
993 3709 1161 3794 impedita.
1205 3707 1323 3774 Aeneis
1345 3711 1455 3772 autem

219 3808 384 3876 confertur
406 3833 479 3878 cum
501 3813 633 3882 flumine
663 3839 809 3903 spumam
827 3822 1023 3899 remittente,
1053 3842 1137 3905 quae
1158 3820 1288 3906 quidem
1311 3820 1456 3887 exoritur

218 3921 329 3988 multis
360 3923 600 4008 impedimentis
621 3934 654 3996 et
674 3932 907 4016 asperitatibus
929 3934 1131 4019 superandis.
1170 3935 1254 4002 Sane
1276 3932 1455 4001 conceden-

218 4033 296 4102 dum
317 4041 377 4119 est,
399 4057 586 4122 spumosum
607 4061 672 4108 non
692 4045 777 4112 idem
801 4047 907 4114 valere
930 4048 1017 4131 quod
1039 4069 1207 4133 asperum3
1245 4047 1302 4114 sed
1323 4050 1455 4131 poetam

217 4169 281 4216 non
304 4149 467 4234 gradatim
490 4173 618 4240 semper
637 4159 790 4244 progredi
812 4161 884 4246 quis
907 4162 1033 4246 estqui
1056 4161 1216 4227 miretur?
1243 4161 1291 4226 De
1312 4157 1454 4224 fluminis

216 4261 357 4347 imagine
380 4265 526 4351 cogitans
549 4266 697 4338 effectum
718 4273 829 4356 posuit
849 4293 910 4356 pro
933 4293 1047 4353 causa,
1070 4293 1144 4338 cum
1167 4293 1207 4337 ex
1228 4271 1284 4337 illo
1306 4270 1386 4335 haec
1407 4267 1455 4334 fa-

219 4373 280 4440 cile
308 4378 412 4459 possit
442 4380 601 4450 concludi
622 4421 666 4432 -
688 4383 798 4452 Jahnii
819 4385 1047 4468 interpretatio
1071 4381 1269 4463 „tumidum“
1292 4379 1453 4464 quomodo

206 4503 292 4551 ,cum
328 4489 425 4558 simili
457 4499 613 4579 sequente
635 4495 814 4578 conveniat,
846 4515 980 4581 prorsus
1010 4514 1075 4562 nou
1097 4492 1200 4560 rideo.
1245 4491 1328 4557 Nam
1351 4491 1379 4556 si
1401 4489 1453 4559 hic
