3294 4700
815 87 834 148 9

77 318 79 324 ·
204 288 345 355 vividam
374 289 547 374 imaginem
576 289 686 358 finxit
724 289 841 357 Effecit
860 291 1020 376 imprimis
1047 293 1152 372 „testa
1174 288 1325 372 lutoque“
1353 287 1440 354 voci·

203 399 264 467 bus
286 401 463 483 adiunctis,
488 401 605 487 quibus
628 404 749 488 optime
771 404 865 471 nobis
889 405 913 470 ii
934 407 1238 490 repraesentantur,
1262 401 1327 484 qui,
1352 399 1444 484 quid-

205 513 283 597 quid
311 514 353 580 ad
381 514 566 582 iaciendum
598 515 750 583 idoneum
781 523 978 602 rapuerunt,
1002 536 1114 583 corvos
1136 516 1328 598 sequnntur.
1373 511 1440 576 Ita

203 645 267 709 que
297 647 489 711 quocunque
518 630 731 714 spectaveris,
766 651 806 696 nc
829 630 964 697 minima
986 629 1116 714 quidem
1138 626 1269 692 Persius
1290 623 1442 709 neglexit,

204 742 242 802 ut
264 737 307 803 ad
329 738 435 804 vivum
457 739 656 826 depingeret.

308 849 347 916 V.
373 853 413 914 68
446 853 720 937 comparationem
749 855 894 942 instituit
915 854 955 921 de
976 855 1062 920 ludis
1085 851 1281 919 circensibus
1303 860 1337 916 et
1360 849 1446 916 auri·

205 960 304 1044 gandi
325 967 396 1028 arte
418 963 631 1050 desumptam.
658 966 835 1051 Imaginem
858 967 994 1053 praebet
1015 967 1178 1034 artissime
1200 965 1291 1031 illam
1314 962 1445 1049 quidem
1475 1018 1477 1022 .

205 1074 499 1160 circumscriptam
517 1084 663 1146 attamen
678 1079 877 1146 lucidissime
890 1079 1020 1146 exhibet
1036 1081 1153 1160 omnia,
1177 1098 1313 1163 quorum
1325 1074 1445 1141 habere

205 1183 318 1252 debuit
345 1189 507 1258 rationem
528 1192 653 1276 auriga,
677 1199 714 1258 ut
738 1213 868 1258 currum
891 1192 1033 1259 feliciter
1056 1189 1217 1258 adfinem
1239 1187 1443 1274 perduceret,

204 1317 352 1383 quaeque
374 1299 417 1366 ad
439 1302 539 1368 vitam
563 1304 691 1370 traduci
714 1311 858 1388 possunt.
926 1329 927 1332 ¹
1385 1381 1387 1385 ,

310 1411 378 1480 Sat.
401 1413 456 1483 IV.
479 1436 508 1482 v.
535 1419 573 1480 13
597 1417 696 1481 sumit
719 1395 993 1500 comparationem
1016 1416 1056 1483 de
1077 1415 1221 1482 iudicum
1238 1434 1336 1494 more,
1354 1412 1447 1477 theta

136 1591 138 1596 ,
207 1522 292 1606 signi
312 1523 462 1608 faciendi,
494 1529 521 1593 si
543 1549 639 1612 quem
661 1529 767 1612 capite
790 1529 1005 1611 damnabant;
1034 1551 1064 1597 v.
1084 1532 1127 1606 Ι15
1152 1527 1192 1594 de
1215 1521 1338 1610 pavone
1360 1523 1445 1608 petit

209 1635 393 1720 imaginem,
427 1640 482 1723 qui
506 1640 642 1724 superbe
664 1641 816 1707 incedens
839 1642 975 1708 caudam
999 1641 1145 1708 extendit
1166 1661 1204 1706 ac
1225 1641 1336 1720 iactat,
1360 1635 1448 1721 quod

206 1746 359 1814 facillime
381 1750 424 1817 ad
445 1752 584 1819 hominis
606 1754 679 1819 vani
703 1753 888 1838 superbiam
910 1755 1040 1820 traduci
1061 1758 1180 1840 potest.

116 1847 122 1858 ’
312 1862 418 1940 Quam
440 1865 474 1929 in
495 1887 524 1933 v.
549 1866 592 1931 24
615 1866 746 1932 exhibet
762 1869 1036 1952 comparationem
1051 1865 1251 1951 deprompsit
1267 1884 1307 1930 ex
1328 1863 1448 1948 Aesopi

206 1970 334 2054 fabula,
367 1996 432 2058 qua
459 1977 507 2042 ita
535 1979 664 2044 Persius
693 1981 816 2059 utitur,-
845 1985 883 2044 ut
916 1979 1037 2062 fingat,
1066 1978 1229 2044 hominem
1259 1997 1298 2041 ea
1319 1979 1448 2040 tantum

207 2084 288 2150 vitia
332 2093 481 2171 spectare
527 2111 611 2174 quae
659 2091 858 2175 praecedens
902 2098 1012 2177 portet
1048 2092 1082 2156 in
1118 2089 1262 2155 mantica
1298 2109 1320 2154 a
1356 2091 1448 2170 tergo

207 2195 372 2280 pendenti.

313 2311 372 2381 Vv.
402 2315 443 2379 46
475 2329 546 2400 sqq.
569 2316 735 2384 hominum
768 2339 891 2384 morem
921 2318 1008 2384 inter
1036 2339 1071 2384 se
1094 2312 1298 2383 obtrectandi
1325 2309 1450 2379 confert

209 2445 283 2492 cum
311 2448 422 2511 pugna
444 2429 638 2512 gladiatoria
660 2436 694 2496 et
717 2452 799 2512 eum,
824 2431 880 2514 qui
901 2452 961 2496 sua
981 2432 1084 2515 ipsius
1106 2429 1187 2494 vitia
1207 2427 1277 2512 vult
1295 2423 1449 2512 ignorari,

209 2557 283 2602 cum
306 2538 487 2622 gladiatore
509 2543 625 2608 vulnus
646 2548 857 2626 praetegente
878 2542 987 2608 balteo
1011 2562 1122 2608 aureo.

315 2650 383 2718 Sat.
414 2651 452 2721 V.
483 2675 532 2720 vv.
567 2659 621 2735 10,
654 2655 704 2721 ll.
745 2654 922 2721 Cornutum
960 2676 1024 2720 non
1053 2659 1164 2738 petere
1194 2648 1380 2736 praedicat,
1414 2653 1451 2714 nt

209 2763 317 2829 omnia
340 2764 508 2848 magnifice
531 2754 711 2851 grandique
734 2788 811 2833 sono
827 2767 1024 2851 loqueretur,
1047 2765 1133 2850 quod
1149 2763 1278 2848 quidem
1299 2761 1452 2847 exprimit

207 2876 348 2960 imagine
370 2876 410 2942 de
432 2877 509 2944 folle
531 2879 711 2964 desumpta.
746 2880 873 2946 Festive
894 2879 1004 2964 posuit
1031 2877 1233 2959 „anhelanti“
1261 2873 1378 2962 (folle),
1402 2878 1446 2953 et,

210 2988 297 3072 quod
326 2990 475 3055 convenit
504 3012 576 3056 cum
600 2991 725 3057 follium
747 2996 877 3070 natura,
902 2997 943 3071 et,
968 2989 1054 3074 quod
1076 2989 1243 3074 aptissime
1267 2986 1451 3053 traducitur

213 3099 256 3165 ad
278 3121 333 3165 eos
355 3100 511 3182 homines,
535 3106 590 3186 qui
614 3124 731 3186 magno
754 3102 864 3169 labore
886 3104 1044 3190 nituntur,
1066 3109 1103 3168 ut
1121 3099 1256 3186 grandia
1270 3097 1448 3184 proferant.

217 3210 394 3295 „Coquitur
431 3212 507 3280 dum
542 3236 650 3280 massa
682 3216 826 3282 camino“
863 3215 1003 3301 perbene
1037 3215 1102 3282 vim
1134 3234 1286 3298 magnam
1325 3210 1450 3276 follium

211 3325 318 3410 pingit
357 3324 507 3410 idemque
538 3326 689 3394 facillime
711 3329 852 3395 refertur
875 3328 918 3395 ad
946 3328 1092 3394 homines
1113 3327 1207 3409 illos,
1239 3325 1295 3410 qui
1317 3343 1452 3407 magnas

212 3437 426 3522 cogitationes
447 3440 482 3504 in
505 3442 612 3507 animo
635 3442 819 3508 revolvere
841 3442 1005 3510 simulant.

313 3550 372 3618 Vv.
407 3555 459 3618 24.
492 3553 532 3617 25
562 3552 718 3618 habemus
749 3557 1023 3638 comparationem
1042 3553 1082 3620 de
1103 3551 1285 3639 parietibus
1308 3548 1449 3628 ductam,
1487 3591 1541 3656 332⁴

214 3663 270 3747 qui
292 3669 350 3728 aut
371 3663 534 3748 lapidibus
558 3667 697 3732 extructi
721 3674 814 3733 erant
836 3674 893 3734 aut
915 3669 1052 3734 tectorio
1069 3665 1209 3752 quodam
1225 3662 1341 3742 induti,
1366 3659 1453 3746 quod
1497 3726 1528 3771 Ἀ

214 3773 389 3858 levigatum
419 3783 452 3842 et
484 3779 608 3862 pictum
635 3777 776 3864 lapidem
799 3780 999 3850 imitabatur.
1047 3779 1211 3861 „Solidum
1234 3779 1374 3869 crepett
1389 3773 1454 3838 elo·

214 3887 301 3952 cutio
324 3887 439 3954 similis
462 3895 513 3956 est
534 3891 574 3974 ei,
598 3914 696 3976 quarn
717 3894 751 3958 in
773 3899 836 3961 sat.
858 3894 917 3961 III.
940 3916 969 3961 v.
993 3897 1033 3958 21
1056 3891 1222 3959 habemus.
1267 3888 1317 3954 Ibi
1338 3906 1449 3955 vocem
1490 3883 1558 3983 ,JJJ'

217 4005 369 4083 „sonare“
395 4001 516 4085 optime
539 4003 675 4071 electam
698 4027 767 4072 esse
789 4006 1019 4088 indicavimus;
1042 4009 1150 4090 neque
1169 4005 1275 4070 minus
1296 4001 1451 4092 hocloco

217 4120 386 4199 „crepare“
411 4135 474 4182 vox
495 4114 538 4181 ad
560 4119 608 4184 rei
630 4124 783 4186 naturam
804 4140 999 4204 magnopere
1023 4118 1175 4204 quadrat.

317 4229 411 4313 Nam,
434 4233 472 4295 ut
494 4229 629 4297 Jahnius
652 4237 806 4314 annotat,
826 4233 964 4317 'crepare
987 4229 1026 4297 de
1048 4231 1251 4312 iudicitur,
1286 4249 1370 4313 quae
1388 4248 1454 4294 non

214 4363 333 4428 purum
355 4348 389 4409 et
411 4363 564 4410 canorum
587 4366 702 4412 sonum
725 4343 834 4428 edunt,
858 4343 916 4412 sed
937 4345 1077 4413 fractum
1099 4343 1193 4428 quasi
1215 4347 1249 4409 et
1271 4340 1453 4424 obscurum,

214 4454 249 4520 id
271 4454 360 4539 quod
382 4456 416 4521 in
437 4457 617 4542 parietibus
637 4457 805 4544 pulsandis
826 4459 933 4526 locum
955 4457 1075 4525 habere
1096 4459 1243 4540 apparet.
