3294 4700
689 92 896 102 ...ὑ-*α-

179 210 384 303 quodmodo
407 210 563 297 disputat,
586 212 665 277 vitio
687 211 823 290 onerati,
846 207 1068 274 adversarium
1091 204 1153 272 sibi
1174 203 1263 273 lacit.
1301 203 1417 290 Itaque

179 329 242 395 hac
263 349 329 394 una
351 327 391 392 de
415 346 513 392 causa
535 323 686 410 producit
707 325 741 388 in
763 321 922 402 medium,
959 325 997 386 ut
1020 321 1221 385 occasionem
1244 317 1306 384 sibi
1327 340 1421 403 prae·

181 441 268 524 beat,
302 438 381 523 quid
402 438 471 523 ipse
496 438 626 517 sentiat,
659 434 797 502 dicendi.
824 433 894 499 Hoc
917 437 1037 510 autem,
1064 431 1104 496 de
1126 452 1191 516 quc
1214 433 1331 516 agitur,
1349 432 1421 498 loco

180 574 246 619 non
275 557 342 633 est,
381 572 439 616 cur
468 549 673 616 adversarius
703 547 850 632 prodeat.
896 545 1003 629 Atque
1033 550 1233 628 „nusquam“
1257 545 1422 628 aptissime

182 663 459 747 interrogationes
473 660 721 747 praecedentes:
744 657 920 724 necclam?
941 677 1083 722 neccum
1106 655 1241 722 scrobe?
1267 657 1425 744 complec-

183 777 266 842 titur
288 781 387 859 atque
410 773 583 841 concludit.

291 887 363 955 Sat·
381 887 422 968 11,
446 909 495 954 vv.
520 889 571 954 18.
597 886 639 950 19
662 907 733 969 sqq.

290 999 329 1064 In
348 999 465 1076 horum
487 1019 639 1066 uersuum
661 995 872 1082 dispositione
894 991 1064 1080 verborum
1086 1015 1204 1078 magna
1226 995 1261 1060 in
1276 994 1426 1062 editioni·

186 1111 247 1178 bus
280 1112 479 1196 conspicitur
509 1111 698 1177 diversitas'
736 1109 825 1188 Quae
848 1113 884 1172 ut
913 1106 1078 1173 commode
1100 1105 1275 1190 spectetur,
1298 1109 1428 1191 potissi-

187 1245 315 1290 marum
337 1223 517 1290 editionum
539 1223 695 1289 lectiones
717 1222 780 1287 huc
802 1241 980 1305 apponam:

293 1335 389 1405 Jahn.
424 1335 474 1403 ed.
498 1337 576 1404 min..
596 1358 625 1402 v.
651 1339 707 1400 18:

293 1447 443 1513 Delove
465 1447 545 1531 quid
566 1449 689 1514 sentis?
711 1452 812 1524 estne,
834 1451 873 1511 ut
894 1465 1093 1529 praeponere
1107 1447 1223 1511 cures?

301 1564 351 1629 19.
374 1560 626 1641 hunc-cuinam?
650 1559 804 1626 cuinam?
826 1559 874 1624 uis
899 1558 1012 1624 Staio?
1035 1579 1077 1622 an
1099 1558 1224 1622 scilicet
1244 1559 1382 1624 haeres?

296 1671 408 1741 Heinr.
427 1675 491 1741 -192
514 1672 600 1738 hunc
623 1671 797 1756 cuiquam?
823 1670 971 1753 „cuinam
994 1670 1087 1734 vis?“
1113 1671 1213 1751 Staio,
1244 1693 1285 1736 an
1308 1672 1433 1738 scilicet

396 1785 527 1867 haeres,

296 1899 446 1966 Panaca:
466 1898 566 1963 Hunc
589 1897 766 1981 cuiquam?
806 1896 1002 1978 „cuinam“?
1039 1895 1086 1961 vis
1110 1895 1224 1962 Staio?
1246 1919 1288 1983 an
1311 1897 1435 1963 scilicet

401 2010 525 2091 haeres,

302 2121 1436 2191 casaub:Hunccuinam?-cuinam?visStaio?anscilicethaeres?

299 2235 395 2303 Jahn.
419 2235 469 2304 ed.
490 2235 584 2302 mai:
607 2235 725 2301 Hunc?
763 2235 956 2316 „cuinam“?
994 2235 1145 2300 cuinam?
1176 2235 1224 2300 uis
1248 2235 1361 2302 Staio?
1396 2257 1438 2302 an

294 2345 325 2402 -’
404 2347 529 2413 scilicet
549 2347 688 2413 haeres?

302 2460 393 2524 Duae
416 2459 456 2525 de
477 2459 539 2524 hoc
561 2459 633 2525 loco
656 2461 805 2524 oriuntur
827 2461 1047 2542 quaestiones:

229 2591 233 2598 ·
306 2571 433 2636 Prima:
457 2571 643 2664 Quadretne
666 2571 708 2636 ad
732 2572 832 2637 totius
854 2572 918 2640 loci
940 2574 1143 2654 sententiam,
1161 2572 1285 2639 Staium
1298 2571 1440 2638 aPersio

407 2689 557 2750 vocatum
579 2683 622 2769 (v.
647 2682 701 2772 19)
724 2684 870 2769 intellegi
893 2691 1078 2769 corruptum
1105 2684 1245 2750 iudicem
1266 2686 1299 2750 in
1321 2684 1441 2750 iudicio

408 2797 548 2862 Juniano
601 2804 905 2878 commemoratum,
966 2799 1057 2863 cuius
1117 2797 1315 2863 mentionem
1363 2797 1443 2862 facit

413 2910 620 2975 Scholiasta?

284 3021 437 3086 ditem:
475 3028 584 3086 utrum
617 3021 704 3103 „vis“
740 3043 808 3090 voc.
840 3021 1081 3107 adiungendum
1111 3022 1155 3087 sit
1185 3003 1282 3088 verbo
1313 3043 1445 3106 praece·

412 3133 502 3198 denti
524 3133 705 3216 „cuinam“,
730 3155 772 3200 an
783 3137 932 3218 sequenti
954 3134 1098 3218 „Staio“,
1121 3139 1154 3200 et
1173 3156 1250 3201 num
1265 3137 1444 3220 interroga·

294 3275 297 3278 ·
413 3247 511 3312 tionis
535 3245 661 3330 signum
683 3247 867 3331 ponendum
890 3249 933 3314 sit
954 3253 1029 3332 post
1050 3246 1189 3314 haeres?

309 3357 361 3425 Ad
382 3371 514 3425 versum
535 3361 574 3422 19
598 3357 712 3426 Schol.'
726 3359 805 3426 facit
819 3360 904 3426 hanc
922 3360 1186 3426 annotationem:
1210 3361 1321 3426 Aelius
1338 3359 1447 3426 Staius

205 3474 240 3540 in
262 3473 403 3539 Juniano
425 3470 545 3536 iudicio
568 3476 601 3536 et
624 3473 787 3538 consortio
810 3472 903 3555 sedit,
934 3473 991 3556 qui
1020 3473 1190 3556 pecuniam
1220 3495 1241 3539 a
1262 3493 1317 3538 reo
1340 3477 1374 3536 et
1396 3491 1447 3536 ac-

208 3591 358 3652 cusatore
381 3585 517 3669 accepit,
541 3583 731 3667 decepitque
754 3589 938 3669 utrumque.
968 3585 1016 3650 De
1041 3584 1243 3650 Scholiastae
1267 3583 1448 3650 sententiae

212 3695 357 3764 veritate
387 3696 515 3762 dubitat
552 3695 658 3779 Jahn,
695 3699 752 3780 qui
786 3698 819 3762 in
853 3697 901 3767 ed.
934 3698 1010 3762 mai.
1040 3717 1114 3780 pag.
1140 3699 1201 3760 123
1224 3697 1273 3762 ita
1296 3695 1447 3761 disserit:

209 3807 377 3892 „Denique
398 3809 543 3874 nominat
551 3809 677 3897 (poeta)
702 3810 837 3892 Staium,
862 3831 925 3894 quo
948 3809 1076 3874 nomine
1092 3808 1238 3874 Persium
1250 3808 1290 3874 de
1307 3808 1448 3889 Staieno,

210 3920 267 4004 qui
304 3921 340 3986 in
374 3919 494 3985 iudicio
532 3921 711 4005 Oppianico
744 3921 842 3988 iudex
878 3927 1051 4005 corruptus
1072 3918 1232 3986 famosum
1254 3941 1288 3987 sa
1317 3920 1450 4002 fecerat,

211 4034 382 4119 cogitasse,
412 4037 450 4096 ut
479 4031 582 4098 tradit
605 4033 721 4116 Schol,
745 4034 799 4099 vix
821 4055 954 4118 possum
985 4032 1065 4097 mihi
1086 4032 1292 4118 persuadere.
1338 4032 1451 4116 Neque
1474 4023 1478 4031 ’

212 4146 342 4212 omnino
372 4145 517 4212 Persium
547 4143 600 4210 hic
620 4145 760 4211 hominis
789 4146 937 4210 vilissimi
960 4144 1143 4228 exemplum
1165 4142 1280 4211 afferre
1302 4143 1451 4226 voluisse,

211 4277 317 4340 neque
338 4255 424 4323 hunc
446 4281 475 4324 v.
499 4257 541 4323 20
564 4278 693 4324 sensnm
716 4278 788 4323 esse
810 4255 917 4321 credo.
941 4255 1109 4323 Sententia
1130 4254 1211 4344 haec
1234 4261 1300 4320 est:
1339 4255 1452 4321 lovem

214 4369 393 4453 cuicunque
415 4369 538 4436 homini
560 4390 654 4436 nemo
676 4387 876 4453 praeponere
893 4365 1066 4446 dubitabit,
1089 4385 1200 4431 uerum
1216 4385 1452 4448 quemcumque

213 4480 374 4550 hominem
396 4483 468 4568 quis
491 4483 601 4568 eligat,
638 4486 676 4546 ut
697 4485 774 4548 rota
796 4499 856 4546 sua
877 4478 907 4544 ei
928 4475 1141 4556 commendet,
1177 4475 1344 4562 nunquam
1366 4475 1449 4546 talia
