3294 4700
305 207 411 292 Atque
435 226 508 272 cum
529 201 591 272 hoo
613 205 685 272 looo
707 206 863 272 sermonis
884 199 1073 272 vicissitudo
1095 198 1185 271 nullo
1208 201 1303 272 modo
1320 203 1442 291 signifi-

202 327 310 402 cetur,
345 319 494 404 equidem
528 319 692 404 dialogum
722 339 787 384 non
816 339 887 384 esse
923 320 1010 384 inter
1039 323 1215 402 patronum
1236 323 1270 383 et
1291 318 1443 387 clientem

192 453 392 516 persuasum
415 429 536 512 habeo;
559 431 694 514 iureque
716 430 870 497 Jahnium
893 431 993 515 signis
1015 431 1049 496 in
1071 430 1121 498 ed.
1145 431 1223 496 min.
1246 432 1377 514 quaein
1392 433 1443 502 ed:

199 546 275 611 mai.
298 544 459 626 apposuit,
482 543 612 608 reiectis
635 541 696 607 hoo
712 541 882 610 indicasse.
905 543 989 609 Item
1011 543 1195 624 Passovius,
1218 542 1341 626 Heinr,
1361 544 1443 610 Hor-

198 676 337 721 mannus
370 655 418 719 ita
440 660 619 737 posuerunt
647 655 950 737 interpunctionem,
973 659 1011 720 ut
1035 655 1309 738 interpretationi,
1344 675 1443 738 quam
1511 737 1513 742 Ι

199 767 306 850 attuli,
329 765 437 832 favere
459 764 640 832 rideantur.

304 878 373 946 Sat.
395 877 421 947 Ι.
443 899 493 946 vv.
516 881 558 941 92
579 898 649 961 sqq.

301 991 412 1056 Prima
448 989 502 1054 hic
535 990 680 1055 exoritur
714 991 873 1072 quaestio,
909 996 1019 1056 utrum
1052 990 1104 1057 his
1125 991 1272 1058 versibus
1295 991 1442 1076 dialogus

199 1103 406 1171 contineatur
427 1123 539 1168 neone.
565 1101 670 1170 Schol.
694 1102 747 1166 hio
771 1101 872 1167 ullum
895 1125 965 1168 esse
986 1112 1094 1188 negat,
1118 1125 1191 1170 oum
1207 1103 1382 1170 aduersarii
1399 1125 1440 1168 ne

199 1217 397 1282 mentionem
419 1214 550 1299 quidem
572 1213 688 1295 iaciat,
734 1214 792 1280 sed
821 1216 966 1281 Persium
995 1237 1053 1299 per
1082 1215 1243 1281 ludicrum
1280 1215 1441 1300 quaedam

200 1330 236 1395 in
258 1328 455 1395 contrariam
484 1330 613 1412 partem
641 1325 758 1392 afferre
781 1326 958 1395 confirmet.
996 1328 1100 1407 Quam
1122 1329 1316 1394 sententiam
1337 1329 1441 1393 secuti
1486 1379 1488 1383 .

200 1447 276 1508 sunt
298 1439 366 1507 VV.
390 1439 444 1508 dd.
467 1439 834 1521 Reizius,Hauthalius,
856 1439 1023 1507 Kisselius.
1047 1441 1153 1524 Atque
1180 1440 1284 1506 libens
1307 1439 1442 1506 eandem

200 1554 423 1639 amplecterer,
446 1551 560 1634 fateor,
584 1551 646 1617 nisi
670 1553 811 1635 graviter
833 1573 884 1616 me
908 1551 1084 1619 offenderet
1105 1575 1134 1620 v.
1157 1556 1209 1620 98.
1254 1553 1339 1618 Nam
1361 1552 1443 1618 illud

205 1665 385 1750 „Quidnam
407 1664 527 1747 igitur“
554 1685 626 1728 oum
650 1685 688 1729 ea
711 1665 873 1730 sententia
896 1666 1066 1730 convenire
1081 1665 1237 1731 nonmihi
1251 1664 1440 1750 persuadeo.

203 1779 250 1845 Ut
280 1778 403 1842 diceret
439 1776 571 1840 Persius
599 1797 710 1842 versus
732 1779 792 1863 96.
816 1779 868 1857 97,
905 1775 1023 1859 quibus
1046 1779 1168 1843 ironice
1190 1777 1441 1862 reprehenderet

203 1891 332 1976 Virgilii
356 1888 499 1954 carmina
522 1893 559 1953 ut
580 1889 673 1954 arida
695 1893 728 1954 et
750 1889 957 1972 inelegantis,
981 1895 1051 1954 tum
1070 1890 1327 1956 desideraremus
1342 1888 1441 1954 aliam

202 2003 365 2089 quandam
388 2001 571 2080 formulam,
594 2021 659 2085 qua
680 2001 818 2067 ironiam
840 2008 1098 2086 persequeretur,
1122 2001 1286 2069 fortassis:
1311 2003 1444 2070 Scilicet

202 2117 432 2183 hoctenerum.
458 2112 522 2178 Sed
535 2111 652 2180 uerba:
675 2111 835 2190 Quidnam
850 2115 952 2198 igitur
975 2164 983 2181 .
1007 2120 1037 2181 .“
1061 2113 1294 2198 indignationis
1317 2115 1443 2199 aliquid

203 2229 378 2308 continent,
390 2225 425 2290 id
447 2224 535 2308 quod
556 2224 609 2289 hio
632 2231 744 2308 aptum
766 2247 830 2290 non
853 2247 923 2292 esse
946 2225 1053 2307 oredo,
1076 2228 1103 2291 si
1125 2227 1194 2310 ipse
1221 2228 1333 2310 priora
1355 2233 1442 2294 attu-

203 2342 288 2407 lerit.
312 2338 370 2404 Sin
391 2357 467 2402 uero
490 2357 539 2402 vv.
563 2339 614 2402 96.
639 2341 690 2404 97.
723 2337 851 2421 Virgilii
878 2338 1031 2406 Aeneidis
1060 2337 1342 2423 reprehensionem
1373 2359 1440 2404 non

204 2453 369 2519 continere
392 2449 572 2530 censueris,
604 2448 661 2513 sed
687 2450 805 2530 ,Arma
827 2451 948 2515 virum“
974 2456 1142 2534 tamquam
1164 2449 1356 2516 obsecrandi
1377 2450 1442 2518 for-

203 2566 325 2631 mulam
345 2561 518 2646 acceperis,
540 2565 578 2624 ut
599 2559 676 2626 iecit
691 2561 873 2643 Meisterus,
890 2583 986 2646 quem
997 2562 1127 2630 Passov.
1150 2562 1289 2628 Jahnius
1305 2584 1443 2648 sequun-

203 2684 268 2759 tur,
290 2675 427 2759 ideoque
449 2693 599 2738 versuum
621 2672 748 2755 reliqua
770 2671 870 2738 verba
893 2673 936 2738 ad
959 2674 1033 2737 novi
1055 2675 1182 2756 generis
1197 2677 1343 2741 carmina
1364 2677 1445 2743 refe-

204 2789 307 2857 renda
336 2808 415 2867 esse,
449 2790 532 2850 tum:
560 2784 740 2865 ,Quidnam
762 2785 883 2868 igitur“
905 2784 968 2849 nisi
989 2783 1031 2849 ab
1055 2785 1159 2851 altero
1182 2786 1248 2852 dici
1269 2795 1445 2871 nequeunt.

206 2902 309 2968 Nimis
332 2900 417 2966 enim
446 2899 617 2982 langueret
646 2897 749 2962 oratio
771 2895 944 2980 nullusque
966 2901 1052 2963 osset
1073 2919 1281 2982 progressus,
1306 2901 1344 2982 si,
1369 2921 1443 2966 eum

206 3017 272 3080 iam
295 3018 393 3078 antea
416 3011 455 3077 de
477 3011 568 3078 novis
591 3008 787 3076 carminibus
809 3009 964 3074 iudicium
987 3009 1126 3092 tulisset,
1150 3011 1293 3076 eiusdem
1316 3015 1444 3096 generis

206 3147 343 3193 arersu
366 3128 407 3188 99
430 3122 571 3191 afferret.
591 3157 637 3172 --
659 3122 774 3204 ltaque
796 3121 944 3204 dialogus
959 3123 993 3185 in
1015 3121 1066 3188 his
1088 3123 1232 3189 versibus
1254 3125 1334 3189 mihi
1356 3125 1444 3191 vide-

205 3246 260 3306 tur
291 3236 483 3304 statuendus
519 3255 606 3319 esso3
642 3234 832 3300 difficillima
866 3238 975 3298 autem
1008 3240 1058 3298 est
1086 3235 1245 3317 quaestio,
1283 3236 1444 3318 quomodo

206 3351 333 3437 disponi
355 3355 515 3434 oporteat.
1282 3339 1283 3342 ’

309 3449 430 3548 Magna
454 3462 538 3553 enim
561 3461 647 3524 inter
668 3461 753 3525 viros
775 3457 888 3524 doctos
911 3461 962 3523 est
983 3455 1140 3523 dissensio
1163 3456 1203 3523 de
1225 3457 1276 3523 his
1299 3457 1445 3525 versibus

206 3585 239 3646 et
262 3575 468 3662 disponendis
489 3580 521 3639 et
543 3571 751 3656 explicandis.
775 3571 866 3636 Duae
889 3569 1080 3654 praesertim
1103 3570 1281 3636 sententiae
1304 3569 1446 3637 adhunc

205 3691 426 3776 quaestionem
449 3687 596 3772 prolatae
619 3689 704 3766 sunt,
726 3704 808 3767 quas
820 3683 970 3766 deinceps
985 3687 1237 3766 perscrutemur.
1262 3682 1446 3753 Casauboni
1500 3705 1504 3716 ·

205 3804 290 3869 enim
313 3800 577 3866 distributionem
600 3801 634 3864 et
656 3798 906 3882 expositionem,
942 3815 1013 3859 cum
1036 3814 1101 3859 non
1124 3795 1204 3860 satis
1226 3794 1328 3862 firmis
1351 3818 1446 3881 argu-

204 3915 321 3983 mentis
344 3912 428 3978 fulta
449 3913 527 3979 mihi
550 3910 711 3993 videatur,
733 3912 867 3976 missam
889 3908 983 3975 facio.
1007 3906 1121 3972 Altera
1137 3908 1445 3990 earumestJahnii,

204 4025 359 4106 Passovii,
381 4025 536 4107 Meisteri,
559 4025 713 4104 aliorum;
736 4023 871 4088 alterius
893 4025 1008 4087 auctor
1029 4019 1247 4088 Heinrichius.

309 4137 362 4199 Illi
385 4156 497 4200 versus
519 4137 566 4198 ita
589 4135 781 4217 disponunt:

309 4268 359 4312 vv.
382 4247 528 4308 92-95:
552 4245 756 4308 adversarius

309 4374 357 4423 vv.
380 4359 432 4420 96.
454 4359 494 4417 97
504 4377 511 4419 :
535 4354 665 4419 Persius

308 4487 358 4538 rr.
382 4467 548 4532 98-103:
572 4464 644 4532 adv.
