3294 4700
779 37 800 102 8

272 248 318 313 Ut
347 243 503 327 exemplis
532 242 709 309 sententias
737 241 899 324 illustrat,
927 241 977 308 ita
998 239 1120 308 similia
1141 240 1330 325 saepissime
1351 240 1410 308 ad-

168 361 259 428 hibet
289 358 405 424 adres
430 355 549 422 clarius
571 354 772 421 indicandas.
820 353 909 434 Quae
931 353 1070 418 maxime
1093 352 1179 438 petit
1201 374 1220 418 e
1241 353 1310 420 vita
1331 353 1412 420 coti·

170 473 269 540 diana
297 476 397 556 atque
427 467 610 552 vulgarium
642 467 808 534 hominum
838 487 917 548 usu,
948 464 1035 550 quod
1063 473 1101 532 ut
1130 464 1343 550 intellegatur
1371 486 1411 532 ae

170 585 409 652 demonstretur
431 580 559 665 singula
581 600 729 664 quaeque
753 579 904 664 deinceps
926 576 1133 646 enumerabo.

273 695 312 760 In
342 699 403 762 sat.
432 693 458 762 1.
488 715 537 762 vv.
559 694 611 758 65.
642 696 682 758 66
711 690 844 758 Persius
867 692 937 776 agit
957 695 1070 776 partes
1092 689 1231 756 hominis
1255 689 1409 773 vulgaris,

171 809 226 894 qui
248 806 379 893 patroni
401 805 510 882 divitis
532 805 677 872 carmina
699 803 851 871 laudibus
873 803 966 870 effert
985 803 1034 869 ita
1049 781 1190 887 quidem,
1213 806 1250 867 ut
1267 801 1307 867 iis
1322 803 1413 896 ¹simi·

171 919 256 988 libus
289 921 419 1000 utatur,
455 939 540 1003 quae
573 923 705 1002 praesto
738 919 768 984 ei
801 923 877 984 sunt
907 938 947 984 ex
974 936 1036 982 usu
1066 936 1124 982 suo
1149 913 1323 981 cotidiano.
1368 914 1413 980 Et

172 1037 328 1116 queniam
357 1051 469 1096 curam
497 1051 607 1098 rerum
639 1031 737 1096 etiam
760 1030 960 1096 minutarum
982 1029 1017 1094 in
1039 1026 1229 1112 effingendis
1251 1025 1411 1093 similibus

173 1141 295 1209 habeat
317 1146 416 1228 poeta
438 1147 471 1208 et
493 1161 592 1226 quam
614 1142 735 1226 optime
756 1140 800 1206 ad
820 1143 927 1207 vivum
949 1140 1113 1226 depingat,
1136 1139 1317 1224 intelleges,
1340 1159 1414 1204 eum

174 1253 354 1322 adverteris
384 1253 427 1320 ad
456 1253 555 1320 verba
591 1253 702 1334 ,oculo
732 1259 815 1320 un0“
852 1254 897 1334 ,si
927 1252 1092 1320 rubricam
1113 1232 1254 1336 dirigat“
1282 1250 1414 1318 vocibus

174 1365 298 1434 addita.
342 1365 442 1432 Fabri
465 1366 559 1447 enim,
582 1370 741 1449 utquam
763 1365 1006 1431 accuratissime
1028 1370 1172 1444 cernant,
1196 1384 1259 1430 uno
1281 1368 1414 1429 tantum

176 1479 269 1545 oculo
291 1483 437 1560 utuntur,
459 1478 600 1544 alterum
622 1477 783 1559 claudunt,
814 1476 901 1561 quod
923 1477 1054 1544 Persius
1076 1475 1120 1542 ad
1142 1475 1417 1561 comparationem

176 1590 340 1676 adiungit,
377 1595 415 1656 ut
450 1591 580 1675 plenam
615 1596 647 1656 et
683 1591 806 1656 claram
835 1589 1010 1674 imaginem
1040 1588 1199 1659 exhibeat.

281 1703 349 1770 Sat.
378 1701 438 1769 111.
461 1724 510 1770 vv.
539 1707 579 1768 21
610 1723 680 1787 sqq.
709 1707 891 1787 comparat¹
906 1701 1069 1768 homiuem
1101 1723 1174 1767 cum
1208 1721 1284 1768 vase
1314 1699 1418 1780 fictili,

177 1814 264 1901 quod
300 1835 365 1880 nou
401 1815 481 1881 satis
518 1821 644 1882 coctum
681 1815 879 1900 percutienti
911 1813 1025 1880 vitium
1053 1815 1169 1899 aperit.
1214 1813 1320 1894 Quam
1341 1807 1423 1898 apte

178 1926 318 2012 quadret
360 1927 470 2011 imago
512 1927 555 1994 ad
590 1927 753 1994 hominem
788 1929 853 1995 hue
888 1926 967 1994 illue
1003 1931 1176 2010 vagantem
1212 1927 1333 2010 quique
1375 1923 1419 1992 ad

179 2043 303 2106 certam
343 2042 377 2104 et
416 2037 543 2106 firmam
586 2041 672 2108 vitae
716 2041 877 2108 rationem
913 2040 1056 2106 nondum
1085 2039 1282 2124 pervenerit,
1320 2057 1421 2123 appa·

178 2155 240 2218 ret.
297 2151 405 2234 Atque
441 2153 554 2236 paucis
590 2153 720 2236 quidem
756 2152 880 2235 verbis,
918 2153 1162 2219 accuratissime
1198 2156 1309 2217 tamen
1345 2150 1421 2215 Per·

182 2262 249 2328 sius
274 2261 370 2327 banc
398 2262 572 2347 imaginem
605 2265 774 2349 expressit.
831 2265 967 2347 ,Sonat“
1000 2286 1062 2331 vox
1099 2263 1240 2349 perbene
1269 2262 1420 2330 convenit

181 2394 254 2440 cum
279 2379 468 2459 ,percussa“
494 2395 588 2457 vooe;
612 2397 717 2461 neque
740 2377 825 2444 enim
847 2378 952 2444 utitur
974 2382 1073 2463 poeta
1088 2377 1185 2444 verbo
1201 2377 1305 2461 magis
1327 2396 1422 2461 gene-

180 2486 261 2570 rali,
283 2508 313 2556 v.
342 2507 373 2571 g.
404 2488 591 2571 ostendere,
629 2492 772 2574 aperire,
795 2491 946 2575 detegere
970 2495 1050 2572 etc,
1083 2511 1155 2556 oum
1178 2511 1217 2556 ex
1248 2490 1319 2575 ipsc
1342 2510 1421 2556 sono
1455 2565 1457 2569 ,

182 2600 298 2667 vitium
321 2601 559 2686 conspiciatur3
588 2603 762 2686 „maligne“
781 2623 892 2670 vocem
908 2602 1021 2668 festive
1048 2602 1258 2686 „respondet“
1278 2603 1349 2669 voci
1366 2601 1422 2668 ad·

183 2713 299 2797 iungit,
323 2733 405 2794 oum,
430 2712 517 2796 quod
539 2713 687 2782 venditor
709 2715 946 2796 studetcelare,
971 2735 1027 2780 ves
1051 2715 1159 2799 ipsum
1180 2714 1309 2800 prodat.
1340 2715 1423 2780 Tum

183 2824 322 2890 hominis
363 2823 588 2892 educationem
629 2833 796 2911 comparat
834 2848 906 2892 cum
939 2825 1114 2911 figulorum
1146 2825 1259 2893 labore
1292 2826 1347 2893 udi
1384 2848 1423 2893 ac

184 2937 292 3003 mollis
318 2937 380 3003 luti
408 2937 559 3021 fingendi.
604 2938 648 3005 Et
669 2939 753 3006 hanc
776 2960 973 3025 quamquam
996 2939 1219 3006 brevissimam
1241 2945 1351 3006 tamen
1372 2961 1425 3007 ro·

184 3048 321 3115 tundam
344 3055 377 3116 et
398 3050 529 3134 plenam
550 3051 650 3118 habes
672 3053 855 3137 imaginem.
889 3053 1058 3120 Adiunctis
1077 3053 1162 3120 enim
1183 3051 1315 3119 vocibus
1335 3053 1423 3134 ,acri

184 3165 276 3228 rota“
315 3162 396 3228 satis
426 3162 519 3228 nobis
548 3170 811 3247 repraesentatur
841 3165 932 3252 figuli
962 3187 1061 3250 opera
1068 3185 1076 3250 3
1100 3187 1163 3232 vox
1189 3169 1308 3247 ,nunc“
1334 3186 1426 3249 repe-

185 3274 265 3355 tita,
296 3271 412 3338 deinde
447 3273 534 3354 ,sine
568 3273 649 3338 fine“
683 3274 824 3360 perbene
853 3275 999 3361 depingit
1020 3277 1235 3357 industriam,
1269 3297 1369 3361 quam
1391 3276 1426 3341 in

186 3386 294 3452 animo
317 3382 486 3451 educando
508 3384 656 3451 adhiberi
678 3393 819 3471 oportet.
860 3389 927 3458 Sat.
949 3389 1008 3457 111.
1031 3391 1083 3471 33,
1107 3394 1149 3456 34
1169 3390 1332 3457 hominem
1354 3410 1428 3474 per·

185 3497 298 3564 multis
319 3497 406 3562 vitiis
430 3496 642 3580 laborantem,
665 3501 714 3566 ita
734 3505 772 3566 ut
794 3499 856 3566 sibi
878 3523 918 3567 ne
941 3503 1089 3570 conscius
1111 3502 1246 3587 quidem
1268 3503 1321 3584 sit,
1346 3500 1428 3586 quid

187 3609 387 3695 perdiderit,
419 3609 545 3678 confert
567 3632 640 3677 cum
676 3633 731 3694 eo,
755 3616 810 3696 qui
844 3615 879 3678 in
908 3635 994 3698 aqua
1024 3615 1189 3681 demersus
1210 3636 1275 3681 non
1295 3616 1361 3680 iam
1384 3613 1428 3680 ad

187 3721 388 3808 superficiem
410 3723 527 3792 redit..

294 3835 445 3918 ,Bullit“,
468 3836 604 3905 Jahnius
627 3842 775 3919 annotat,
802 3844 956 3918 „naturae
981 3839 1206 3905 convenienter
1229 3839 1328 3921 dixit3
1351 3860 1427 3906 nem

188 3948 329 4032 quaein
358 3967 445 4030 aque
474 3956 627 4033 surgunt,
657 3951 763 4016 bullas
786 3949 941 4016 iaciunt“.
978 3949 1016 4019 V.
1041 3955 1082 4016 60
1104 3953 1232 4035 quaerit
1254 3973 1294 4018 ex
1317 3951 1428 4018 adule-

189 4059 346 4140 scentulo,
368 4063 479 4124 utrum
502 4061 546 4124 sit
568 4062 703 4146 aliquid,
731 4083 812 4147 ,quo
827 4062 941 4128 tendat
956 4064 1034 4128 etin
1046 4063 1133 4147 quod
1149 4063 1269 4148 dirigat
1284 4070 1428 4156 arcum“‚

186 4196 230 4241 an
253 4174 368 4242 similis
398 4176 440 4240 sit
461 4174 581 4259 pueris,
602 4175 657 4258 qui
680 4193 793 4242 corvos
817 4179 904 4242 testa
928 4175 1063 4261 lutoque
1085 4181 1271 4261 sequantur,
1295 4179 1428 4268 securis,

187 4308 251 4386 quo
274 4308 332 4372 pes
354 4286 449 4354 ferat.

288 4399 382 4464 Licet
404 4419 443 4464 ex
464 4397 634 4483 proverbio
658 4396 800 4466 Graeco:
823 4392 988 4482 πετόμενα
1009 4392 1136 4466 διώκειν
1155 4397 1239 4464 banc
1261 4419 1429 4484 compara·

186 4512 309 4580 tionem
345 4509 600 4595 deprompserit,
632 4513 743 4576 tamen
772 4530 812 4577 ex
841 4531 900 4578 suo
934 4510 1065 4597 ingenio
1095 4508 1202 4578 verbis
1230 4508 1428 4578 brevissimis
