3294 4700
840 44 860 105 7

232 248 418 334 corripitur.
463 248 515 314 Ad
536 269 605 314 rem
637 248 820 316 sufficiebat
849 251 952 318 stulta
973 255 1050 319 vota
1072 251 1270 337 significare;
1294 252 1352 320 ssd
1373 257 1473 339 poeta

231 361 324 429 nobis
344 362 435 428 aviae
457 363 612 447 proponit
632 363 815 446 imaginem,
839 385 904 448 qua
926 364 1115 449 lepidiorem
1137 365 1237 432 aliam
1259 365 1327 434 fere
1349 367 1472 434 nullam

230 474 385 543 invenies.
429 475 514 540 Ante
544 475 654 541 oculos
684 475 778 558 quasi
808 477 917 542 vivens
940 479 1013 544 avia
1034 477 1131 562 plena
1154 479 1393 563 superstitionis
1416 479 1472 546 ob·

229 591 395 668 versatur,
424 586 569 654 videmus
591 608 661 653 sam
685 589 825 654 eximere
846 589 1004 655 infantem
1026 610 1043 655 e
1066 591 1174 671 cunis,
1206 590 1343 656 diversis
1365 591 1470 658 modis

229 699 388 782 lustrare,
422 699 570 780 manibus
601 703 752 785 quatere,
783 700 921 786 denique
951 702 1129 786 supplicem
1159 703 1288 787 precari
1318 702 1361 769 sd
1383 703 1469 785 deos,

230 811 380 878 audimus
401 812 529 896 singula
551 817 628 878 vota
649 812 692 878 ad
714 812 803 879 illius
825 819 977 880 naturam
1000 815 1166 899 aptissima
1187 815 1275 883 ficta.
1288 815 1468 884 -Satiras

229 925 348 990 tertiae
368 925 463 990 initio
485 925 609 990 iuvenis
631 925 783 992 desidiosi
805 927 938 1011 eiusque
961 928 1088 992 comitis
1111 927 1286 1012 descriptio
1309 932 1382 994 arte
1403 948 1469 993 non

229 1042 328 1104 caret.
373 1037 442 1104 Iam
472 1023 586 1122 primis
616 1038 701 1103 enim
731 1039 838 1104 verbis
867 1040 994 1106 comitis
1023 1040 1143 1106 inertia
1163 1039 1287 1104 iuvenis
1309 1039 1470 1124 indignati

228 1169 326 1216 scena
348 1149 442 1215 nobis
464 1150 512 1215 ita
535 1155 812 1235 repraesentatur,
835 1157 873 1215 ut
895 1153 942 1216 rei
957 1153 1060 1236 ipsius
1076 1156 1277 1236 spectatores
1291 1151 1468 1220 videamur.

227 1261 273 1327 Et
302 1267 426 1345 quanta
456 1262 593 1328 veritate
621 1262 808 1348 depingitur
836 1262 1051 1330 adolescentis
1073 1286 1091 1330 e
1113 1285 1225 1330 somno
1247 1265 1380 1330 excitati
1402 1285 1469 1331 mo-

227 1375 364 1455 rositas,
396 1395 505 1470 quam,
517 1380 647 1441 exercet
668 1375 703 1441 in
724 1376 958 1457 instrumenta,
989 1375 1106 1461 quibus
1130 1377 1235 1442 utitur
1256 1376 1299 1441 ad
1320 1376 1466 1442 laborem

228 1485 317 1551 haud
338 1487 386 1551 ita
409 1486 439 1551 ei
461 1487 708 1555 iucundum-
728 1488 812 1567 Quid
834 1492 943 1573 potest
969 1489 1106 1554 inveniri
1128 1487 1235 1553 verius
1258 1508 1297 1552 ac
1319 1486 1467 1571 lepidius,

228 1617 325 1680 quam
348 1599 442 1682 pueri
464 1599 588 1684 imago,
619 1601 675 1684 qui
699 1601 770 1667 oleo
793 1601 868 1666 linit
890 1601 1019 1681 oculos,
1049 1605 1088 1665 ut
1109 1599 1253 1666 scholam
1276 1598 1413 1684 effugiat
1434 1603 1468 1663 et

227 1709 270 1776 ad
291 1710 385 1780 ludos
407 1712 512 1796 possit
533 1712 730 1795 incumbere,
753 1715 787 1780 in
810 1713 927 1797 quibus
950 1713 1029 1798 quid
1047 1713 1199 1798 proficiat
1213 1717 1312 1796 atque
1327 1710 1468 1776 excellat

227 1823 365 1889 maxime
383 1829 488 1892 curat.
503 1863 545 1873 -
559 1827 733 1909 Aptissima
749 1825 947 1892 centurionis
965 1825 1119 1906 „hircosi“
1133 1845 1304 1909 personam
1316 1821 1468 1907 exprimit

227 1935 414 2020 etlinguam
431 1937 499 2002 eius
507 1937 621 2002 rudem
635 1944 734 2021 atque
747 1938 903 2035 incultam
911 1939 1069 2005 imitatur.
1084 1936 1234 2004 Profecto
1244 1935 1467 2020 dignissimum

225 2045 288 2112 isto
302 2047 430 2114 homine
443 2049 565 2114 dictum
580 2049 672 2131 illud,
689 2049 774 2115 unde
786 2050 914 2116 orditur
924 2051 994 2115 sius
1006 2049 1129 2115 oratio:
1149 2047 1262 2129 „Quod
1277 2046 1379 2130 sapio,
1387 2044 1467 2111 satis

227 2165 277 2225 est
289 2159 395 2228 mihi.“
423 2161 504 2227 Tum
520 2161 731 2247 philosophos
743 2162 859 2228 irridet
870 2161 990 2228 talibus
1005 2159 1121 2242 verbis,
1138 2159 1249 2245 qualia
1264 2159 1467 2244 optimecum

226 2273 295 2338 eius
310 2283 426 2341 natura
446 2276 575 2360 impexa
594 2275 797 2343 conveniunt.
830 2279 936 2360 Atque
952 2297 1024 2342 oum
1036 2276 1070 2340 in
1082 2273 1195 2340 eadem
1207 2272 1310 2338 satira
1325 2269 1467 2355 descrip-

226 2385 349 2450 tionem
370 2389 496 2470 aegroti
520 2388 741 2472 conspexeris,
778 2389 862 2453 hanc
885 2394 957 2453 arte
979 2386 1136 2471 singulari
1159 2383 1374 2468 compositam
1395 2401 1466 2448 esse

225 2518 390 2580 agnosces.
436 2500 561 2564 Anxius
590 2519 629 2564 ac
650 2499 798 2582 trepidus
821 2521 842 2565 a
863 2499 988 2564 medico
1010 2498 1105 2582 petit,
1126 2502 1165 2562 nt
1186 2494 1291 2561 morbi
1312 2497 1466 2559 naturam

227 2609 394 2692 exquirat3
423 2611 477 2676 vix
498 2610 656 2676 relectum
679 2631 712 2676 se
735 2612 851 2693 sentit,
885 2632 957 2676 oum
979 2609 1126 2695 pristinis
1147 2607 1252 2674 denuo
1275 2604 1462 2690 cupiditati-

224 2721 284 2787 bus
306 2721 453 2807 indulget
475 2728 507 2789 et
529 2723 654 2789 medico
676 2724 829 2805 monenti,
854 2729 976 2804 caveat,
998 2720 1175 2786 insolenter
1196 2716 1381 2802 respondet.
1403 2716 1462 2781 st-

226 2855 288 2918 que
311 2837 439 2920 egregie
462 2857 482 2900 a
504 2842 601 2919 poeta
623 2834 833 2917 describitur,
864 2839 1022 2918 quantum
1043 2831 1214 2917 paullatim
1233 2828 1367 2896 morbus
1388 2847 1463 2912 pro·

223 2944 323 3027 ficiat,
346 2946 448 3011 donec
469 2946 565 3012 homo
587 2948 738 3011 incautus
760 2967 798 3012 ac
813 2946 1006 3011 temerarius
1020 2944 1194 3028 moriatur3
1209 2947 1280 3007 tum
1295 2961 1354 3007 nos
1368 2939 1460 3006 fune·

224 3054 335 3122 bribus
364 3058 520 3123 interesse
550 3057 696 3123 videmur
726 3056 995 3126 solemnitatibus.
1034 3056 1116 3120 Tum
1145 3053 1284 3121 Vettidii
1312 3052 1404 3119 avari
1425 3052 1461 3118 in

226 3168 294 3234 Sat.
323 3169 378 3238 1v.
412 3191 443 3238 v,
474 3171 515 3237 25
547 3191 619 3255 sqq.
654 3191 752 3256 quam
773 3193 851 3238 vera
868 3174 1133 3257 repraesentatur
1154 3169 1262 3253 imago
1283 3171 1318 3234 et
1338 3170 1462 3251 quanta

224 3281 405 3348 subtilitate
442 3283 571 3369 singula
604 3305 751 3369 quaeque
788 3292 864 3351 ante
903 3283 1014 3351 oculos
1044 3281 1225 3368 ponuntur!
1271 3281 1461 3366 Spsctamus

222 3414 295 3460 eum
320 3395 451 3462 tardum
475 3403 508 3463 et
529 3397 744 3464 haesitantem
768 3397 924 3464 deradere
940 3396 1076 3464 seriolae
1090 3394 1214 3476 limum,
1237 3398 1336 3478 atque
1351 3412 1460 3459 rernm

222 3507 321 3573 etiam
353 3510 643 3575 minutissimarum
680 3515 778 3592 poeta
801 3511 960 3576 rationem
982 3509 1097 3590 habet,
1128 3506 1215 3593 quod
1237 3504 1280 3573 ad
1307 3505 1455 3587 ,limum“

225 3625 401 3701 ,veterem‘
435 3620 600 3706 adiungit,
632 3641 697 3704 quo
727 3642 861 3688 avarum
889 3623 1000 3688 vinum
1027 3620 1110 3686 illud
1138 3625 1176 3685 ut
1202 3618 1382 3703 pretiosum
1402 3615 1460 3684 diu

221 3753 366 3799 servasse
390 3733 563 3801 indicatur.
577 3771 620 3784 -
633 3732 683 3799 Ex
704 3734 764 3816 his,
788 3755 872 3818 quae
894 3734 1000 3820 attuli,
1023 3733 1104 3800 satis
1119 3730 1266 3814 intellegi
1280 3736 1371 3816 puto,
1395 3749 1460 3816 qua

222 3849 294 3910 arte
323 3843 452 3912 Persius
483 3845 526 3912 ad
547 3866 659 3912 verum
681 3847 876 3931 expresserit
897 3845 1047 3930 exempla
1069 3865 1110 3910 ex
1132 3842 1268 3909 diversis
1291 3842 1459 3909 hominum

221 3954 393 4041 generibus
422 3956 625 4044 deprompta.
680 3958 719 4025 In
747 3959 895 4025 omnibus
924 3959 1010 4024 enim
1040 3954 1276 4023 observandum
1297 3959 1365 4038 est,
1393 3975 1459 4022 non

221 4074 385 4134 certorum
406 4067 582 4151 hominum,
604 4069 661 4136 sed
682 4072 810 4156 generis
832 4071 900 4138 iere
922 4069 1089 4137 cuiusdam
1111 4069 1268 4153 imagines
1282 4088 1363 4135 esse.
1387 4067 1458 4148 Quo

221 4181 352 4265 quidem
367 4183 506 4248 maxims
521 4180 630 4248 differt
645 4203 665 4249 a
680 4183 796 4250 ceteris
811 4184 986 4250 satirarum
1001 4181 1225 4268 scriptoribus,
1249 4181 1305 4265 qui
1318 4179 1459 4265 plerum·

220 4315 283 4378 que
304 4296 338 4361 in
360 4299 466 4362 certos
487 4294 634 4362 homines
648 4294 853 4363 invehuntur.
876 4295 961 4361 Num
975 4296 1046 4362 iure
1061 4295 1141 4360 vitio
1156 4292 1322 4360 tribuatur
1335 4294 1461 4387 Persio,

220 4405 308 4491 quod
335 4407 446 4474 satiris
474 4407 542 4473 suis
570 4426 636 4474 uon
669 4406 813 4492 singulos
840 4406 987 4474 homines
1010 4405 1231 4486 infamaverit,
1261 4403 1318 4472 sed
1338 4407 1457 4472 aetatis

220 4539 299 4588 suae
321 4517 409 4588 mala
431 4521 613 4588 communia
635 4519 852 4605 castigaverit,
875 4517 1043 4605 disputare
1063 4516 1117 4584 hic
1137 4535 1203 4584 non
1224 4515 1315 4584 locus
1337 4520 1398 4583 est.

1545 4615 1628 4652 A
