3294 4700
705 921 1045 1038 Thesea.

824 1147 926 1162 -α-δι

303 1269 331 1331 1.
365 1265 479 1330 Horat.
516 1265 620 1348 Epist.
651 1269 680 1344 1,
716 1272 745 1345 7,
777 1270 817 1330 29
852 1288 924 1332 cum
964 1267 1112 1332 Bentleio
1141 1266 1314 1349 legendum
1354 1271 1404 1330 est
1435 1287 1494 1350 pro

362 1377 573 1459 „vulpecula“
598 1378 794 1456 ‚,nitedula.“

304 1493 335 1554 2.
363 1488 444 1554 Vell.
468 1489 594 1556 Patere.
618 1489 703 1558 Hist.
727 1491 818 1557 Rom.
842 1491 882 1572 ΙΙ,
906 1496 957 1571 39,
983 1495 1000 1554 1
1024 1491 1195 1556 retinenda
1208 1497 1257 1555 est
1273 1490 1370 1555 lectio
1386 1489 1499 1554 editio-

365 1603 414 1666 nis
437 1603 609 1685 prinaipis:
633 1603 689 1668 sed
707 1602 978 1687 fulgentissimum
1003 1650 1107 1670 .....
1132 1604 1314 1687 ignavum
1331 1601 1500 1666 conferunt

364 1714 569 1798 stipendium.

306 1830 334 1890 3.
367 1827 442 1894 Tac.
466 1826 574 1894 Germ.
598 1847 668 1910 cap.
694 1831 732 1891 11
756 1827 929 1910 legendum
953 1833 1003 1891 est
1025 1847 1097 1890 cum
1122 1826 1301 1892 Gronovio:
1335 1825 1381 1890 Ut
1403 1823 1500 1887 turba

363 1938 507 2024 placuit“
531 1960 591 2022 pro
613 1939 746 2022 vulgata
768 1940 922 2004 lectione:
947 1939 992 2004 Ut
1015 1938 1131 2002 turbae
1153 1939 1307 2022 1111111.ιι

305 2054 336 2117 4.
369 2051 488 2114 Aratea
516 2050 591 2129 illa,
615 2072 698 2134 quaa
728 2051 788 2115 sub
818 2052 947 2116 nornine
979 2051 1126 2116 Caesaris
1155 2049 1339 2114 Germanici
1364 2049 1498 2112 circum·

366 2160 525 2242 feruntur,
544 2184 607 2227 uon
624 2163 818 2243 Domitiana,
842 2163 899 2227 sed
912 2162 1113 2241 Germanico,
1128 2163 1225 2226 Drusi
1239 2161 1316 2243 filio,
1330 2158 1501 2226 tribuenda

366 2279 450 2340 sunt.

308 2389 337 2454 5.
367 2387 663 2468 Trichotomismus‚
687 2388 909 2470 quiescatur,
932 2386 1155 2470 reprobandus
1177 2403 1236 2452 est.

310 2504 337 2563 6.
370 2499 404 2566 Ο.
435 2499 499 2564 dul.
529 2499 648 2564 Caesar
676 2499 832 2564 Kalendis
862 2500 989 2564 Martiis
1012 2499 1087 2564 anni
1112 2503 1163 2564 49.
1188 2498 1362 2581 provinciis
1385 2495 1501 2560 Galliis

368 2610 523 2676 decedere
545 2610 667 2678 debuit.

312 2727 339 2786 7.
373 2723 469 2807 Soph.
501 2723 579 2789 Oed.
603 2723 671 2789 Col.
699 2727 790 2788 1082.
814 2728 855 2788 83
880 2747 950 2788 cum
971 2726 1007 2790 G.
1032 2725 1219 2790 Hermanno
1242 2720 1414 2803 legendum
1437 2723 1501 2782 est:

369 2833 522 2923 αἰθερίας
551 2833 688 2923 νεφέλας
708 2836 713 2921 i
732 2830 901 2923 κύρσαιμι,
929 2832 1021 2899 τῶνδ’
1044 2831 1172 2921 ἀγώνων
1194 2828 1365 2922 ἕωρνζσασα
1386 2825 1506 2912 τούμὸν

370 2941 472 3030 ὄμμα.

311 3063 341 3127 8.
371 3059 514 3144 Thucyd.
537 3059 568 3123 h.
590 3059 621 3125 b.
646 3061 681 3128 P.
704 3061 762 3140 111,
788 3064 839 3141 17,
865 3063 893 3126 1.
917 3064 947 3127 2.
978 3054 1204 3148 παραπλήσιαι
1226 3057 1280 3122 καὶ
1304 3051 1352 3121 ἔτι
1375 3052 1509 3129 πλείους

372 3165 594 3257 ἢᾶρχομένου
615 3176 676 3236 τοῦ
697 3169 854 3254 πολέμου.
877 3173 934 3259 τῆν
956 3195 992 3237 τε
1014 3170 1095 3260 γὰρ.
1111 3221 1117 3235 .
1135 3222 1168 3251 .,
1202 3168 1305 3258 χωρὶς
1338 3166 1373 3232 δὲ
1401 3165 1436 3232 αἱ
1475 3163 1509 3232 ἐν

372 3289 462 3360 τοῖς.
480 3333 512 3350 ..
536 3284 737 3349 emendanda
753 3289 786 3350 et
807 3284 849 3348 ad
873 3291 1025 3367 quartum
1047 3283 1252 3368 potissimum
1282 3281 1360 3346 belli
1387 3300 1509 3345 annum

371 3394 543 3461 referenda
564 3400 649 3460 sunt.
