3294 4700
252 198 282 268 ei
303 200 494 278 committet,
517 197 629 281 qualia
649 198 692 264 ad
713 199 826 265 lovem
850 207 1011 285 precatur.
1056 201 1129 268 Non
1153 224 1230 286 ergo
1259 204 1434 288 pessimum
1458 212 1487 276 et

251 321 438 398 corruptum
466 311 628 376 hominem
657 313 824 378 nominare
854 313 1009 396 debebat,
1047 336 1123 380 nam
1150 315 1211 380 tali
1242 338 1300 382 neo
1322 315 1408 384 bona
1430 340 1486 386 neo

251 427 339 492 mala
377 431 454 490 vota
487 422 582 488 facile
621 423 694 506 quis
731 425 941 506 commendet,
977 427 1033 490 sed
1069 426 1147 492 boni
1190 430 1335 512 rectique
1369 431 1487 514 iudicii,

249 539 362 624 quales
394 537 514 602 multos
550 537 727 604 invenias.“
772 537 895 602 Iniuria
931 537 1061 603 dubitat
1096 540 1144 604 vir
1169 539 1386 624 doctissimus,
1418 565 1488 609 oum

251 651 450 717 scholiastae
473 649 640 713 annotatio
663 649 765 712 totius
787 647 851 714 loci
875 651 1054 716 sententiae
1078 653 1200 734 optime
1223 655 1393 720 convenire
1412 655 1488 722 mihi

248 762 406 830 videatur.
428 762 531 826 Poeta
552 759 697 824 versibus
719 759 988 844 praecedentibus
1008 762 1048 827 de
1074 763 1114 828 iis
1130 762 1221 845 dixit,
1245 767 1301 848 qui
1314 767 1401 832 mala
1416 773 1489 834 rota

247 877 290 942 ad
327 875 404 940 deos
434 877 619 957 precantur,
642 873 862 955 nonnullaque
887 874 1003 938 talium
1025 879 1174 940 votorum
1197 879 1344 962 exempla
1366 881 1488 948 attulit.

248 989 350 1067 Quem
372 992 536 1071 postremo
558 983 848 1049 taliaemittentem
870 984 973 1068 finxit,
996 986 1185 1070 aggreditur
1200 989 1242 1075 (v.
1262 992 1327 1074 17),
1339 997 1377 1056 ut
1392 991 1488 1057 stulte

246 1106 344 1182 atque
379 1096 518 1163 absurde
558 1117 630 1160 eum
670 1097 777 1161 facere
811 1098 971 1166 ostendat.
1011 1098 1113 1176 Quam
1136 1121 1201 1165 non
1224 1103 1394 1167 conveniat
1417 1125 1487 1168 oum

246 1213 335 1278 Jovis
357 1211 440 1290 idea,
463 1216 500 1274 ut
521 1209 582 1274 boo
605 1209 702 1273 verbo
725 1214 810 1290 utar,
834 1209 861 1274 si
885 1214 994 1292 speret
1016 1231 1090 1276 eum
1111 1213 1199 1278 mala
1213 1218 1291 1278 vota
1303 1214 1488 1280 auditurum

249 1345 330 1406 esse,
366 1323 577 1388 demonstrat.
614 1319 707 1398 Quod
733 1320 872 1405 probare
902 1328 1083 1406 nonparat
1104 1331 1195 1390 reeta
1216 1327 1283 1406 via,
1317 1326 1375 1391 sed
1397 1327 1489 1409 quasi
1562 1384 1564 1388 .

244 1458 303 1520 per
325 1433 486 1517 ambages,
510 1454 568 1516 per
590 1432 821 1500 inductionem.
844 1433 1022 1499 Exordium
1045 1435 1126 1501 facit
1148 1436 1189 1502 ab
1217 1440 1486 1524 interrogatione:

245 1549 293 1614 lle
329 1547 409 1612 Jove
438 1545 516 1628 quid
540 1545 662 1610 sentis?
700 1566 765 1628 qua
794 1545 936 1612 adstruit
969 1553 1137 1631 tamquam
1161 1549 1416 1632 fundamentum,
1451 1573 1488 1617 ex

244 1683 308 1745 quo
330 1659 528 1745 probaturus
550 1663 599 1723 est
621 1678 712 1723 suam
735 1659 939 1727 sententiam.
968 1659 1051 1724 Tum
1074 1683 1113 1726 ex
1135 1661 1320 1729 adversario
1344 1665 1483 1746 quaerit,

242 1795 319 1839 num
350 1793 446 1855 quem
482 1771 644 1836 hominem
680 1769 809 1852 habeat,
835 1770 887 1836 cui
920 1771 1086 1855 praeferat
1116 1773 1242 1854 Jovem,
1267 1781 1300 1838 et
1323 1795 1395 1838 cum
1418 1775 1483 1854 ille,

244 1907 311 1952 non
333 1885 420 1950 clare
442 1883 650 1968 perspiciens,
674 1881 752 1966 quid
775 1881 837 1946 sibi
851 1883 939 1965 uelit,
962 1885 1085 1950 mirans
1100 1887 1298 1970 interroget:
1323 1885 1483 1952 Cuinam?

243 2001 278 2086 (i.
302 2020 330 2066 e.
357 1998 469 2063 Jovem
505 1995 713 2081 anteponam)
750 2001 849 2078 poeta
876 2016 950 2060 cum
981 1997 1203 2081 indignatione
1233 1999 1343 2082 aliqua
1365 2000 1485 2083 repetit

242 2108 433 2194 „cuinam“?
469 2107 532 2172 Sed
555 2107 669 2170 statim
693 2107 723 2170 ei
745 2107 899 2190 proponit
920 2108 1020 2173 talem
1043 2109 1221 2190 hominem,
1260 2111 1387 2194 qualem
1410 2111 1484 2176 Jovi

241 2229 434 2309 postponere
457 2225 544 2284 certe
566 2239 631 2283 non
653 2219 697 2282 sit
720 2217 938 2284 dubitaturus.
962 2221 1100 2302 Propter
1124 2221 1156 2284 id
1179 2222 1294 2304 ipsum,
1318 2222 1406 2305 quod
1427 2223 1483 2288 ho·

240 2337 359 2400 minem
381 2332 556 2417 pessimum
579 2331 706 2412 accivit,
729 2330 851 2395 ironice
874 2332 1025 2414 quaerit:
1049 2329 1099 2396 An
1122 2333 1246 2398 scilicet
1267 2333 1406 2399 haeres?
1439 2335 1483 2400 Et

243 2451 278 2516 in
318 2447 379 2512 hao
422 2444 534 2510 eadem
579 2443 684 2508 ironia
716 2434 912 2526 persistens,
946 2445 1107 2526 adiungit:
1147 2445 1225 2524 Quis
1247 2447 1355 2530 potior
1376 2444 1483 2526 iudex,

239 2563 388 2648 puerisve
411 2559 482 2641 quis
505 2546 613 2640 aptior
629 2554 742 2620 orbis?
766 2554 888 2632 Quibus
904 2557 1109 2622 acerbissime
1125 2565 1234 2622 monet
1249 2558 1481 2638 adversarium,

240 2696 280 2740 ne
313 2672 414 2736 ullam
447 2675 559 2734 teneat
595 2667 842 2745 dubitationem,
876 2669 952 2734 huie
985 2672 1128 2735 omnium
1157 2671 1213 2734 uni
1236 2672 1481 2754 corruptissimo

201 2809 203 2820 ‘
239 2787 351 2853 Jovem
377 2781 549 2848 anteferre.
594 2783 700 2864 Atque
722 2800 794 2844 eum
823 2779 1044 2846 adversarium
1066 2782 1217 2846 assentiri
1239 2780 1340 2863 fingat
1362 2786 1476 2864 poeta,

231 2899 317 2964 ¹facit
354 2895 610 2969 conclusionem,
648 2892 691 2958 ad
725 2914 820 2976 quarn
854 2892 1059 2957 referendum
1082 2899 1131 2957 est
1155 2893 1294 2976 „igitnr“
1318 2893 1351 2957 in
1374 2873 1408 2959 v.
1427 2896 1481 2960 20.

240 3008 412 3078 Concedisz
436 3006 536 3086 Staio,
558 3005 613 3069 isti
635 3004 765 3087 quidem
789 3005 900 3069 Jovem
925 3005 1186 3088 anteponendum
1215 3026 1304 3085 esse3
1338 3005 1430 3088 atqui
1453 3003 1482 3070 si

238 3123 319 3190 talia
340 3126 437 3200 vota,
461 3118 570 3200 qualia
593 3101 688 3181 modo
712 3117 753 3182 ad
777 3117 888 3181 Jovem
912 3123 1065 3198 precatus
1088 3139 1137 3198 es,
1163 3117 1253 3182 Staio
1278 3117 1482 3182 commenda-

239 3237 334 3315 veriS,
360 3231 415 3296 ille
437 3235 495 3294 tua
517 3229 729 3312 perversitate
753 3235 786 3291 et
809 3229 934 3292 malitia
956 3229 1142 3311 indignatus
1160 3229 1369 3294 exclamabit:
1393 3229 1482 3294 Proh

235 3344 378 3432 Jupiterl
402 3340 525 3408 ebone
548 3339 693 3422 Jupiter!
717 3339 759 3402 Et
783 3345 818 3403 tu
841 3340 953 3405 Jovem
975 3341 1082 3424 ipsum
1105 3362 1169 3406 non
1193 3361 1382 3406 succensere
1406 3361 1477 3404 cre-

236 3461 297 3542 dis,
320 3457 377 3523 sed
399 3463 473 3520 tuas
495 3453 698 3536 precationes
722 3452 909 3516 auditurum
927 3453 1019 3516 esse?
1044 3453 1133 3529 Quae
1149 3452 1243 3516 Jahn.
1261 3451 1355 3516 affert
1368 3450 1479 3534 dubia,

235 3571 356 3639 nullius
388 3567 539 3652 ponderis
572 3585 641 3630 esse
664 3564 742 3626 mihi
767 3564 924 3631 videntur.
971 3563 1063 3641 Quod
1085 3565 1169 3628 hane
1192 3585 1260 3628 esse
1283 3565 1480 3630 sententiam

237 3685 331 3751 dicit:
355 3682 467 3747 Jovem
490 3678 668 3758 cuicunque
691 3676 812 3740 homini
835 3697 1036 3759 praeponere
1067 3677 1225 3740 neminem
1251 3675 1480 3742 dubitaturum

237 3817 316 3877 esse,
353 3813 463 3859 verum
493 3810 715 3873 quemcunque
746 3787 907 3854 hominem
937 3789 1009 3870 quis
1041 3789 1158 3871 eligat,
1196 3797 1233 3854 ut
1267 3797 1343 3853 vota
1365 3811 1424 3854 sua
1446 3790 1480 3856 ei

236 3906 448 3986 commendet,
470 3923 638 3985 nunquam
661 3901 742 3965 talia
764 3902 794 3964 ei
806 3903 1051 3966 commissurum
1072 3921 1150 3980 esse,
1174 3901 1284 3984 qualia
1300 3901 1342 3964 ad
1358 3901 1475 3965 Jovem

238 4023 422 4106 precatur,“
439 4016 557 4080 falsum
578 4034 647 4080 esse
659 4013 807 4096 equidem
831 4033 954 4082 censeo.
979 4013 1062 4080 Sane
1086 4019 1183 4095 poeta
1206 4019 1238 4076 et
1267 4012 1352 4077 banc
1380 4032 1481 4094 argn-

241 4131 473 4198 mentationem
488 4127 594 4192 faeere
611 4127 733 4210 potuit:
758 4125 870 4192 lovem
884 4125 985 4193 cuivis
1000 4125 1121 4192 homini
1135 4125 1382 4210 praeferendum
1405 4143 1478 4190 esse

238 4243 352 4328 negari
374 4262 438 4307 non
460 4245 579 4325 potest,
602 4240 701 4304 etiam
724 4241 846 4322 optimo
870 4241 986 4323 cuique
1014 4245 1112 4322 atque
1134 4238 1321 4304 iustissimo.
1368 4239 1478 4320 Atque

235 4354 401 4421 bominum
433 4352 653 4434 unusquisque
689 4352 772 4416 recti
808 4351 920 4418 iudicii
951 4358 1010 4418 tua
1042 4359 1118 4418 vota
1151 4357 1188 4416 ut
1214 4350 1302 4414 mala
1323 4354 1477 4435 respuet;

234 4463 338 4536 multo
360 4463 464 4550 magis
478 4464 585 4548 igitur
606 4462 735 4548 Jupiter
756 4462 818 4530 hoc
840 4463 947 4532 faciet.
972 4465 1015 4530 nt
1036 4465 1130 4552 longo
1149 4464 1268 4530 clarius
1284 4463 1474 4534 adversario
