3294 4700
734 23 941 132 ..prz-

322 236 408 306 Sae—
429 236 477 319 V,
511 238 565 304 87.
617 229 690 302 Hoc
728 234 891 320 reliquum
921 235 1076 322 accipio,
1120 235 1198 304 lieet
1233 234 1317 304 illud
1352 242 1386 305 et
1422 242 1461 306 ut

217 351 291 420 volo
312 349 402 418 tolle.
784 335 788 344 ’
936 371 939 377 ·
1365 350 1368 356 ’

322 465 363 532 In
392 464 454 530 hoc
486 482 581 530 versu
612 465 645 528 et
665 460 733 528 alia
754 460 851 528 lectio
873 461 1065 547 praebetur:
1099 462 1177 530 licet
1199 467 1238 539 ut
1258 462 1332 531 volo
1354 463 1462 531 virere

219 578 309 650 tolle.
353 577 439 646 Utra
458 575 503 642 sit
521 573 675 660 'eligenda
697 573 873 641 rideamus.
918 575 1027 659 Atque
1049 596 1123 642 cum
1145 573 1240 662 codd.
1260 575 1461 661 respicimus,
1514 605 1519 614 ·

218 690 351 780 plurimi
372 688 550 775 optimique
572 689 712 772 primam
732 687 825 754 illam
845 686 978 756 habent.
1024 689 1136 755 Altera
1158 710 1236 756 sane
1257 690 1366 774 aptior
1388 709 1458 756 esse

221 787 359 885 videtui,
383 823 457 869 oum
479 800 588 882 verba,
612 798 729 886 quibus
757 800 962 868 adversarius
984 802 1019 867 in
1041 802 1226 888 syllogismo
1247 803 1353 870 utitur
1364 823 1463 888 quae·

222 938 285 1002 que
315 915 444 984 Stoicus
465 902 665 1009 ¹removenda
698 918 826 994 censet,
858 914 975 981 iisdem
1001 921 1201 1000 repetantur.
1240 915 1374 982 Versus
1400 916 1463 982 hoo

220 1029 318 1098 modo
350 1028 525 1095 distinctus
546 1026 686 1094 maxime
719 1026 849 1112 placet:
905 1027 976 1094 Hoc
1004 1067 1045 1078 -
1076 1029 1237 1114 reliquum
1265 1028 1391 1114 accipio
1420 1066 1462 1078 —

222 1142 300 1210 licet
321 1145 359 1209 ut
379 1141 452 1208 volo
475 1139 582 1206 vivere
601 1138 691 1206 tolle.

328 1254 380 1321 Ad
402 1253 503 1322 Stoici
524 1257 675 1320 naturam
697 1258 737 1320 a'e
759 1269 899 1334 morem,
930 1251 1053 1335 fateor,
1075 1252 1196 1338 optime
1219 1251 1413 1337 quadraret,
1436 1251 1464 1318 si

225 1368 355 1450 eadem,
378 1387 462 1451 quae
484 1363 570 1433 alter
591 1364 726 1446 attulit,
760 1364 860 1431 rerba
880 1365 999 1432 iterum
1019 1370 1155 1451 poneret
1178 1365 1247 1431 sine
1270 1364 1337 1429 ulla
1358 1367 1464 1430 muta·

222 1481 322 1550 tione.
368 1479 481 1546 Altera
502 1476 600 1545 lectio
623 1498 663 1544 ea
685 1476 859 1562 dirumpit,
888 1497 973 1562 quae
994 1482 1085 1544 arcte
1106 1477 1194 1544 inter
1215 1497 1250 1544 se
1271 1496 1356 1542 nexa
1379 1479 1464 1544 sunt.

225 1595 269 1660 dt
290 1596 425 1679 propter
446 1589 508 1658 hoc
527 1590 635 1676 ipsum
656 1589 737 1655 haee
758 1589 874 1672 verba,
898 1610 982 1675 quae
1003 1610 1069 1656 non
1092 1588 1141 1656 ita
1163 1592 1243 1674 apta
1264 1608 1335 1654 esse
1353 1585 1465 1657 riden-

224 1711 296 1785 tur,
325 1711 440 1791 postea
465 1701 638 1770 emendata
659 1689 926 1795 esse-verisimile
949 1706 1010 1784 est,
1033 1702 1125 1769 cuius
1149 1699 1385 1780 emendationis
1407 1697 1465 1765 ad·
1506 1698 1509 1710 '

224 1817 361 1886 versarii
389 1836 496 1884 sermo
528 1813 728 1901 praecedens
757 1814 886 1881 facilem
908 1835 1021 1881 ansam
1043 1811 1232 1899 praebebat.
1277 1812 1398 1879 Verum
1413 1811 1467 1876 vix

222 1934 331 2017 potest
359 1928 522 2013 intellegi,
560 1947 618 1993 eur
639 1926 721 1994 haee
742 1927 840 1994 lectio
863 1927 1010 2012 speciosa
1033 1947 1072 1992 ac
1094 1925 1200 1993 facilis
1222 1929 1413 2010 perspectu,
1439 1923 1467 1990 si

225 2041 341 2109 tuimet
378 2040 539 2126 genuina,
581 2043 710 2104 mutata
741 2039 783 2104 sit
819 2039 854 2104 in
886 2039 978 2106 illam
1014 2039 1151 2105 alteram
1187 2036 1402 2104 difficiliorem
1435 2041 1468 2101 et

227 2153 334 2220 minus
357 2152 550 2236 elegantem.
595 2151 711 2235 Itaque
746 2150 841 2232 ,licet
861 2151 944 2218 illud
966 2156 999 2218 et
1020 2156 1059 2218 ut
1080 2151 1170 2218 volo“
1197 2150 1368 2217 lectionem
1390 2148 1469 2214 reti·

224 2264 364 2332 nondam
386 2285 456 2331 ease
477 2268 568 2348 puto.
663 2307 666 2314 ·

331 2375 401 2452 Sat,
424 2376 479 2457 VI,
505 2380 555 2457 79,
579 2379 637 2442 80:
725 2389 729 2392 ·’

332 2489 524 2570 Quaeritur,
553 2493 664 2554 utrum
685 2485 801 2554 verba:
842 2486 1017 2573 „Depunge
1047 2486 1104 2554 ubi
1127 2487 1259 2554 cistam“
1286 2491 1402 2573 poetae
1426 2494 1469 2554 an

226 2622 324 2668 avaro
347 2601 413 2667 sint
434 2598 653 2668 attribuenda.
686 2597 824 2666 Casaub.
847 2600 951 2666 Persii
967 2621 1038 2666 esse
1052 2599 1177 2667 iudicat
1193 2600 1303 2684 sicque
1319 2600 1464 2685 exponit:

232 2715 311 2796 ,Hic
341 2714 442 2799 igitur
465 2712 595 2779 Persius
610 2732 742 2779 avarum
766 2711 918 2778 heredem
939 2717 1048 2798 urget,
1072 2711 1188 2778 doceat
1210 2733 1260 2795 se,
1282 2711 1339 2779 ubi
1361 2713 1466 2790 sistat,

225 2827 260 2894 id
290 2832 340 2894 est
367 2847 464 2912 quem
489 2825 646 2910 pecuniae
672 2823 804 2890 modum
834 2829 1026 2891 consecutus
1056 2823 1267 2910 cupiditatem
1298 2825 1400 2910 ipsius
1423 2826 1467 2894 sit

228 2939 442 3024 expleturus.“
490 2937 612 3004 Verum
642 2936 790 3023 plerique
815 2937 1012 3021 interpretes
1034 2938 1125 3004 arari
1147 2936 1253 3004 verbis
1277 2939 1469 3006 continuant

160 3037 162 3041 ’
232 3053 397 3130 streete,
428 3054 467 3116 ut
494 3049 573 3115 mihi
599 3049 737 3116 videtur.
782 3048 866 3116 Nam
895 3049 923 3115 si
952 3069 1025 3114 oum
1055 3047 1192 3118 (lasaub.
1215 3051 1465 3136 interpretaris:

233 3160 321 3227 Doce
342 3180 395 3227 me
416 3159 512 3228 finem
534 3167 612 3229 tuae
634 3161 808 3228 avaritiae:
831 3161 923 3246 atqui
946 3158 1077 3227 modum
1099 3162 1265 3247 imponere
1284 3184 1350 3230 non
1364 3164 1469 3249 magis

231 3277 336 3360 potes,
359 3293 457 3358 quarn
477 3275 585 3360 potuit
608 3273 807 3360 chrysippus
831 3256 941 3342 soritis
964 3272 1061 3340 linem
1081 3274 1226 3342 invenire
1248 3280 1290 3358 et,
1314 3275 1370 3341 nbi
1391 3277 1468 3344 resi·

232 3385 382 3454 standum
404 3392 505 3470 esset,
532 3385 683 3454 definire:
713 3407 840 3454 omnem
869 3387 959 3455 tollis
991 3387 1147 3454 sermonis
1181 3387 1391 3456 festivitatem
1422 3393 1468 3456 at»

234 3520 297 3584 que
318 3498 480 3568 facetiam.
509 3499 558 3566 Ac
579 3500 758 3585 permirum
780 3504 875 3580 esset,
897 3500 925 3566 si
946 3504 1044 3584 poeta
1064 3498 1108 3566 ad
1130 3521 1224 3566 suam
1244 3500 1347 3584 ipsius
1368 3501 1470 3568 moui·

232 3611 369 3679 tionem:
396 3611 571 3696 „Depnnge
596 3616 664 3679 ...“
690 3611 785 3695 quasi
800 3611 949 3678 exultans
960 3611 1170 3678 exclamaret:
1194 3612 1349 3678 Inventus
1372 3611 1472 3699 Chry-

236 3722 349 3807 sippe.
373 3769 381 3787 .
402 3770 411 3790 .
434 3721 647 3810 Lepidissime
668 3744 744 3791 vero
766 3723 809 3790 ad
830 3725 921 3790 avari
944 3723 1176 3808 quaestionem,
1198 3723 1260 3791 sibi
1282 3725 1473 3810 cupiditatis

235 3833 368 3901 modum
379 3836 567 3918 constituat,
582 3835 882 3924 poeta2reepondet:
904 3837 1121 3906 Iuventus...
1144 3836 1366 3923 quofierinon
1377 3859 1474 3924 posse

236 3946 404 4029 declarat,
444 3953 482 4014 ut
514 3949 672 4017 avaritiae
707 3949 824 4016 modus
857 3953 1036 4033 statuatur,
1070 3970 1174 4036 aeque
1204 3972 1242 4018 ao
1273 3949 1473 4036 Chrysippus

235 4058 332 4126 finem
364 4061 474 4128 soritis
500 4082 566 4129 non
595 4061 739 4128 invenire
768 4063 923 4148 potuerit.
976 4061 1204 4149 ,Depungere“
1238 4063 1351 4146 lectio,
1374 4083 1473 4148 quam

235 4171 332 4238 multi
363 4177 397 4239 et
425 4174 540 4259 optimi
573 4173 666 4242 codd.
694 4173 863 4260 praebent,
896 4174 1000 4243 multo
1029 4177 1138 4261 aptior
1159 4181 1226 4259 est,
1250 4197 1348 4261 quam
1369 4176 1475 4244 altera

241 4282 465 4370 „depingere“.
507 4284 646 4353 Jahnius
666 4287 701 4353 in
723 4286 774 4357 ed.
801 4288 877 4357 mai.
905 4288 1030 4373 recepit
1055 4287 1243 4374 ,depinge“.
1287 4288 1371 4354 Item
1392 4287 1475 4355 Her·

237 4415 390 4480 mannus,
413 4399 470 4482 qui
495 4399 530 4466 in
557 4397 761 4484 praefatione
790 4399 893 4467 Persii
921 4398 1074 4470 editionis
1096 4404 1250 4467 annotat:
1283 4421 1313 4469 v.
1338 4404 1377 4466 79
1404 4399 1477 4482 „de-

237 4515 363 4598 punge“
395 4531 501 4598 neque
531 4533 553 4582 a
574 4511 667 4582 libris
688 4533 794 4602 neque
815 4533 837 4584 a
858 4533 955 4584 sensu
976 4511 1059 4582 adeo
1080 4511 1299 4582 commendari
1321 4511 1474 4597 arbitror,
