3294 4700
202 164 283 230 satis
320 183 510 248 persuasum
541 168 591 229 est
621 168 718 247 atque
747 163 893 250 paullum
924 165 1110 232 incredulus
1141 169 1276 252 repetit:
1314 169 1442 239 Nemo?

203 275 416 340 Adversarius
447 275 616 359 restringit
646 276 894 359 aliquantulum·
914 277 1001 361 quod
1034 278 1130 344 modo
1160 279 1263 362 dixit,
1301 303 1322 348 a
1352 283 1442 350 nullo
1536 361 1545 374 .

201 388 324 472 scripta
352 387 426 471 legi,
450 408 488 454 ae
527 387 675 453 concedit
703 388 773 453 fieri
801 411 913 472 posse,
952 396 989 455 ut
1012 413 1032 456 a
1055 390 1180 458 duobus
1204 393 1238 480 (i.
1263 415 1290 461 e.
1313 395 1440 482 paucis)

199 499 367 584 legantur,
391 498 448 565 sed
477 505 586 565 tamen
609 520 712 583 aeque
741 506 837 584 turpe
860 505 894 566 et
915 503 1099 570 miserabile
1122 525 1191 570 esse
1214 511 1347 590 poetae,
1372 509 1437 572 sive

202 633 222 678 a
253 610 377 677 duobus
399 613 465 676 sive
489 633 509 675 a
531 593 620 677 nullo
643 612 803 694 legantur.
842 613 923 678 Tum
947 613 1085 699 denique
1108 617 1237 682 Persius
1259 619 1310 682 ira
1332 633 1443 702 supere

202 723 322 806 bisque
344 721 487 806 flagrans
511 724 688 790 exclamat:
713 725 843 803 Quare?
865 725 897 791 h.
922 747 948 794 e.
972 732 1067 811 turpe
1079 734 1112 792 et
1125 729 1309 794 miserabile
1323 731 1442 814 putas?

200 835 360 919 Equidem
382 835 470 919 vulgi
492 835 647 900 iudicium
670 857 786 920 sperno
809 859 913 920 neque
936 838 978 903 ad
1002 839 1206 905 scribendum
1231 863 1441 924 commoveor,

201 954 238 1013 ut
258 947 371 1013 laudes
403 947 568 1013 hominum
603 968 799 1033 consequar;
830 950 909 1033 quid
940 952 1024 1016 enim
1047 952 1134 1016 ualet
1155 953 1292 1017 stultum
1315 959 1349 1019 et
1370 975 1444 1038 per·
1471 953 1473 957 ’

200 1081 328 1126 uersum
351 1061 570 1126 Romanorum
594 1059 772 1126 iudicium?
805 1061 857 1126 Ita
888 1063 1069 1146 suspicione
1092 1070 1226 1144 remota,
1250 1085 1283 1130 se
1306 1067 1441 1148 popula-

201 1193 269 1237 rem
282 1193 396 1236 auram
410 1177 553 1255 captare,
577 1171 619 1236 ad
634 1172 667 1236 id
683 1172 928 1256 proponendum
941 1174 1138 1258 aggreditur,
1162 1197 1226 1259 quo
1241 1175 1283 1241 ad
1299 1177 1442 1242 scriben-

202 1282 279 1348 dum
303 1283 452 1349 ducatur.
496 1283 577 1348 Esse
609 1283 690 1348 dicit
720 1287 839 1350 aetatis
862 1287 1007 1351 miserias
1031 1292 1064 1352 et
1088 1288 1300 1367 calamitates,
1325 1287 1442 1371 quibus

201 1396 342 1480 aspectis
365 1416 400 1461 se
422 1397 581 1460 contineri
602 1417 666 1460 non
700 1418 812 1480 posse,
841 1399 919 1481 quin
941 1399 1075 1464 satiram
1099 1399 1232 1466 scribat.
1276 1401 1356 1465 Post
1377 1401 1443 1483 pri·

202 1529 290 1573 mum
322 1508 406 1572 enim
437 1513 516 1572 tuno
546 1509 579 1573 in
609 1530 637 1574 v.
671 1510 709 1572 11
734 1510 913 1575 enuntiatio
949 1511 997 1576 ita
1019 1510 1086 1575 iere
1111 1512 1333 1578 continuanda
1355 1517 1441 1576 erat:

201 1619 308 1686 iacere
338 1641 403 1684 non
432 1641 580 1702 possum,
619 1622 696 1704 quin
719 1623 853 1686 satiram
876 1622 1027 1690 scribam.
1072 1623 1136 1689 Sed
1169 1623 1312 1688 haesitat
1334 1623 1443 1688 subito

202 1752 241 1798 ac
270 1731 463 1813 meditatur,
496 1732 531 1798 id
565 1733 652 1816 quod
682 1735 833 1818 exprimit
862 1756 924 1800 vox
950 1739 1062 1815 „tunc“
1088 1737 1246 1818 repetita,
1284 1741 1442 1819 quantum

202 1865 341 1910 ausurus
371 1845 423 1924 sit,
455 1849 488 1910 et
517 1867 576 1928 per
597 1845 774 1911 ludibrium
796 1847 922 1912 veniam
945 1849 1036 1930 petit,
1067 1847 1256 1930 quodillud
1279 1847 1442 1912 inanimo
1501 1927 1504 1934 ἢ

202 1955 361 2022 habuerit.
386 1957 505 2022 Statim
528 1963 637 2022 autem
661 1957 822 2024 scribendi
846 1960 1015 2024 consilium
1037 1959 1207 2043 repentina
1230 1959 1443 2040 dubitatione,

204 2074 241 2132 ut
262 2068 357 2151 fingit
378 2073 492 2152 poeta,
522 2091 706 2153 repressum
729 2071 907 2152 invalescit,
932 2077 965 2136 et
987 2071 1116 2137 Persius
1141 2073 1234 2155 quasi
1254 2073 1340 2136 inter
1363 2071 1444 2136 duas

202 2179 413 2262 cogitationes
436 2181 521 2245 inter
543 2201 577 2244 se
600 2186 762 2246 certantes
786 2182 962 2246 collocatas
981 2183 1187 2264 interrogat:
1203 2181 1287 2258 Quid
1302 2182 1444 2247 faciam?

203 2291 286 2356 Tum
317 2291 455 2375 denique
485 2312 611 2356 omnem
647 2292 890 2358 fluctuationem
924 2313 963 2356 ac
993 2291 1229 2357 dubitationem
1259 2291 1442 2376 abrumpit:

204 2403 268 2470 Sed
287 2404 527 2489 sumpetulanti
546 2405 656 2488 splene
670 2404 835 2471 cachinno.
860 2403 970 2472 Heinr.
994 2409 1068 2488 post
1091 2409 1300 2485 „tunctunc“
1317 2405 1444 2488 aposio-

120 2579 123 2585 .
201 2516 294 2600 posin
316 2537 381 2582 non
400 2517 534 2598 statuit,
557 2517 615 2582 sed
634 2522 733 2598 „tunc
755 2522 833 2590 tunc
855 2517 1032 2600 ignoscite“
1056 2516 1213 2600 apodosin
1246 2537 1318 2581 esse
1339 2521 1445 2600 putat,

202 2651 299 2713 quam
337 2636 439 2713 poeta
468 2629 561 2695 initio
599 2629 830 2695 enuntiationis
845 2673 851 2682 -
867 2630 932 2693 iam
963 2630 1174 2712 cogitaverat.
1221 2631 1263 2693 At
1293 2629 1444 2714 repetitio

142 2780 144 2785 ·
207 2747 318 2824 ,tuno“
342 2741 427 2807 roois
443 2741 521 2825 quid
546 2741 608 2806 sibi
632 2741 717 2821 velit,
740 2740 927 2824 intellegere
950 2761 1015 2806 non
1036 2762 1182 2825 possum:
1208 2763 1282 2806 nam
1298 2743 1445 2825 ineptum

203 2853 416 2922 mihividetur
425 2853 638 2932 enuntiatum,
655 2851 829 2936 ouiuspars
845 2853 1005 2936 posterior
1013 2855 1105 2920 initio
1122 2854 1257 2920 eandem
1266 2860 1361 2920 sonat
1372 2875 1445 2938 gra-

203 2966 337 3032 uitatem
368 2965 476 3052 (tnnc,
514 2965 617 3053 tunc),
647 2964 771 3030 absolvi
792 2965 905 3030 veniae
934 2966 1132 3050 precatione.
1179 2969 1286 3050 Atque
1307 2966 1444 3030 alteram

203 3077 308 3143 habeo
331 3099 472 3158 oausam,
495 3099 553 3144 cur
575 3078 687 3144 Heinr.
710 3078 745 3142 in
767 3078 838 3143 loco
860 3077 1105 3161 interpretando
1127 3099 1193 3143 non
1214 3099 1341 3161 sequar.
1372 3078 1445 3160 Ipse

204 3189 284 3255 facit
305 3189 390 3254 hanc
412 3191 675 3255 annotationem:
713 3189 777 3256 Sed
798 3190 868 3276 [tcbt
900 3194 991 3258 about
1014 3191 1183 3276 luctentur,
1220 3191 1268 3258 ola
1289 3191 1376 3277 lolqte
1398 3193 1446 3256 ber

205 3305 278 3386 &ab
298 3301 489 3369 remittebat
511 3302 562 3387 cut
584 3302 675 3382 nolo;
700 3320 763 3368 nun
785 3301 854 3367 oter
875 3299 960 3386 ltebt:
985 3301 1069 3377 Quid
1091 3301 1233 3366 faciam?
1261 3302 1443 3388 cognitiora:
1576 3357 1578 3366 χ

204 3416 291 3501 bislee
314 3415 383 3500 [tebt
405 3414 463 3500 olle
485 3414 518 3481 tn
540 3413 719 3500 {Eorumque
740 3413 796 3480 rotev
817 3411 875 3496 111,
897 3413 956 3482 26:
979 3410 1063 3488 Quid
1084 3414 1236 3477 metuas?
1258 3418 1316 3481 unt
1340 3415 1443 3499 bebai.
1567 3392 1577 3406 ’

205 3529 249 3596 uo
270 3532 323 3595 bru
345 3527 485 3614 tttt‘rtern,
506 3529 579 3602 πῶς
599 3519 667 3610 γᾶς,
688 3527 761 3602 πῶς
775 3524 879 3600 δοκεῖς
896 3525 944 3589 als
967 3525 1170 3612 Qoroutbelrfl
1197 3525 1263 3590 Fac
1285 3531 1324 3590 ut
1349 3526 1440 3608 „sed“

205 3639 368 3704 artissime
400 3639 557 3722 iungatur
595 3659 668 3703 cum
700 3637 830 3719 ,nolo“:
869 3643 940 3703 tota
974 3637 1136 3702 sententia
1168 3659 1235 3703 non
1264 3644 1343 3722 apta
1364 3639 1444 3703 mihi

205 3749 343 3817 videtur.
388 3750 661 3835 Exspectaremus
692 3754 767 3833 post
801 3749 911 3830 „nolo“
937 3749 1185 3832 cogitationem:
1224 3748 1281 3815 sed
1303 3771 1359 3816 vos
1381 3751 1444 3835 ipsi

206 3862 295 3929 vitiis
333 3863 449 3928 vestris
470 3885 522 3929 me
553 3862 759 3948 concitastis,
791 3882 904 3943 causa,
933 3881 998 3945 qua
1020 3881 1222 3928 commoveor
1245 3861 1287 3928 ad
1309 3863 1445 3930 satiram
1476 3931 1477 3934 ,

206 3973 420 4055 scribendam,
450 3996 516 4040 non
544 3976 578 4040 in
608 3996 659 4040 me
689 3979 739 4040 est
760 3974 877 4059 posita,
902 3973 1015 4040 sedin
1037 3973 1240 4060 vobisipsis.
1284 3976 1385 4060 Atqui
1407 3980 1445 4042 ut

207 4087 320 4152 Heinr.
343 4087 589 4171 interpretatur,
610 4087 719 4168 ,nolo“
740 4108 816 4152 voce
831 4091 929 4171 poeta
950 4092 1059 4171 negat,
1076 4108 1137 4152 sua
1151 4087 1318 4154 voluntate
1334 4110 1368 4154 se
1377 4109 1445 4154 mo·

206 4197 294 4277 veri3
317 4203 431 4280 postea
442 4217 501 4262 sua
511 4197 612 4281 ipsius
624 4203 742 4262 natura
755 4219 789 4263 se
801 4198 924 4281 impelli
939 4197 1090 4266 affirmat.
1114 4198 1225 4282 Neque
1248 4200 1445 4286 enimoppo-

210 4308 275 4374 sita
311 4307 390 4372 mihi
422 4308 573 4374 videntur
606 4308 723 4389 „Nolo“
757 4314 790 4373 et
823 4331 911 4390 ,sum
932 4311 1093 4395 petulenti
1115 4310 1225 4394 splene
1256 4311 1444 4380 caehinno.“

4 4583 26 4652 i
115 4621 240 4652 a..
