3294 4700
725 85 932 100 ι-ικ-ι-ι-ύι-ι

316 229 367 276 11.
391 209 455 272 104
476 226 563 291 sqq.:
586 207 674 274 Pers.

315 321 377 388 Hic
398 321 446 386 ita
468 319 628 405 disponit:
671 390 675 398 ,

314 455 363 502 vv.
387 437 532 500 92-97:
556 433 628 499 adv.

314 569 365 615 vv.
388 551 429 610 98
451 566 540 630 sqq:
562 547 703 613 Persius.

317 657 531 724 Consentiunt
552 659 653 742 igitur
674 659 708 724 in
731 657 942 743 dispositione
964 680 1115 725 versuum
1131 663 1286 742 quattuor
1305 659 1451 740 924953

139 764 144 776 '
211 771 246 836 in
281 769 417 836 duorum
448 772 651 854 sequentium
682 771 888 838 dissentiunt.
932 772 1034 837 Alteri
1056 772 1116 838 hos
1138 793 1250 836 versus
1269 770 1454 837 attribuunt

213 883 341 964 Persio,
366 883 421 966 qui
449 881 722 967 indignabundus,
745 904 818 948 cum
841 883 1045 950 adversarius
1068 885 1215 968 exempla
1239 884 1395 964 attulerit,
1419 885 1453 948 in

211 994 328 1080 quibus
350 993 526 1062 artificiosa
537 995 595 1062 illa
617 995 769 1062 iunctura
792 1000 970 1080 spectatur,
995 995 1185 1080 respondet:
1210 997 1310 1061 Arma
1331 995 1452 1061 virum!

211 1107 310 1174 Hisce
330 1107 437 1173 verbis
459 1108 509 1172 uti
531 1108 679 1174 Persium
703 1108 935 1176 exclamatione
959 1109 1073 1192 optimi
1094 1113 1211 1192 poetae
1234 1107 1267 1172 in
1290 1108 1340 1172 his
1363 1109 1453 1191 inep-

211 1221 268 1287 tiis
300 1233 476 1288 memorem
509 1221 717 1288 contendunt.
762 1221 815 1287 Ad
845 1222 930 1288 hanc
962 1220 1265 1305 interpretationem
1298 1218 1454 1285 tuendam

212 1333 355 1400 Jahnius.
383 1333 489 1414 affert,
530 1333 618 1418 quod
647 1333 816 1400 Schindler
844 1333 923 1416 'huic
945 1334 1016 1400 loco
1040 1331 1188 1398 adhibuit
1211 1353 1250 1396 ex
1273 1331 1454 1397 Florentini

214 1445 475 1512 institutionibus
501 1446 524 1514 1.
554 1446 647 1513 vul:
682 1447 771 1525 Quae
802 1447 1002 1512 extrinsecus
1024 1451 1057 1512 et
1080 1444 1163 1509 nihil
1185 1443 1228 1509 ad
1250 1449 1453 1527 praesentem

213 1562 324 1623 actum
345 1558 543 1642 pertinentia
565 1558 721 1624 adieceris
759 1559 978 1643 stipulatione,
1006 1579 1066 1643 pro
1089 1556 1335 1640 supervacaneis
1356 1555 1455 1640 habe-

215 1668 348 1751 buntur,
371 1691 431 1736 neo
452 1669 614 1738 vitiabuut
636 1671 876 1755 obligationem,
899 1671 998 1737 veluti
1020 1671 1048 1736 si
1071 1670 1175 1735 dicas:
1215 1670 1315 1734 Arma
1337 1669 1455 1733 virum-

213 1803 277 1866 que
298 1787 411 1864 cano“‚
428 1779 557 1868 sponsio
581 1783 681 1850 nihilo
707 1785 813 1852 minus
835 1783 951 1851 valet.“
977 1785 1020 1848 At
1041 1783 1127 1848 hunc
1149 1781 1256 1848 locum
1279 1780 1322 1846 ad
1344 1799 1455 1846 eorum

214 1895 409 1960 sententiam
441 1894 644 1979 probandam
666 1897 747 1962 satis
781 1895 922 1962 multum
952 1895 1060 1962 ualere
1082 1915 1148 1960 non
1170 1892 1325 1974 arbitror,
1364 1893 1450 1976 quia,

212 2025 290 2069 num
321 2005 380 2070 illa
408 2007 522 2072 verba:
547 2008 647 2074 Arma
668 2009 838 2091 virumque
862 2012 965 2074 cano“
988 2013 1156 2090 tamquam
1176 2004 1382 2071 asseverandi
1404 2003 1455 2069 rel

215 2114 400 2182 affirmandi
422 2116 561 2184 formula
576 2119 765 2204 accipienda
786 2120 862 2202 sint,
885 2121 1002 2186 merito
1017 2123 1051 2184 in
1066 2117 1201 2185 dubium
1212 2121 1321 2202 potest
1336 2115 1455 2188 vocari.

215 2227 278 2294 llla
310 2229 474 2311 Meisteri,
507 2231 634 2314 Jahnii,
672 2232 810 2298 aliorum
840 2231 1066 2317 interpretatio
1096 2231 1175 2296 mihi
1197 2229 1329 2314 quidem
1351 2229 1454 2314 magis

214 2341 382 2425 ingeniosa
405 2364 503 2426 quam
530 2365 607 2409 vera
629 2344 767 2426 videtur,
792 2366 864 2410 cnm
887 2347 931 2411 sit
953 2347 1049 2410 nimis
1071 2350 1188 2428 arguta
1211 2350 1243 2408 11
1265 2340 1452 2408 artificiosa.

215 2454 322 2536 Atque
345 2454 495 2537 equidem
518 2475 641 2538 censeo,
666 2457 940 2540 comparationem
953 2457 994 2522 de
1011 2477 1103 2522 ramo
1115 2454 1206 2520 arido
1219 2453 1454 2538 depromptam,

216 2584 299 2649 quae
321 2567 467 2649 sequitur
481 2566 594 2633 verba:
619 2569 719 2634 Arma
727 2569 861 2650 virum“,
884 2569 995 2635 Persio
1017 2589 1083 2634 non
1104 2572 1180 2652 apte
1200 2563 1347 2632 attribui.
1370 2563 1452 2629 lma-

216 2677 322 2760 ginem
354 2678 438 2743 enim
462 2680 663 2764 sumpsisset,
706 2686 864 2764 qnantum
905 2682 1019 2762 sentio,
1054 2679 1094 2746 de
1124 2679 1223 2744 ramis
1251 2675 1452 2742 mollioribus

215 2788 284 2856 sine
303 2792 409 2856 nervis
431 2811 470 2856 ac
499 2790 631 2874 robore,
655 2793 711 2876 qui
733 2797 770 2858 ut
788 2791 981 2859 infructuosi
1003 2798 1036 2859 et
1055 2792 1188 2858 inutiles
1211 2788 1451 2856 exscinduntur.

216 2899 296 2966 Cum
313 2902 376 2966 his
410 2903 496 2968 enim
529 2909 735 2988 compararet
764 2905 898 2989 optime,-
918 2904 1006 2989 quod
1032 2903 1249 2990 reprehendit,
1272 2901 1451 2968 carminum

215 3014 382 3097 turgidum
412 3035 451 3080 ac
480 3015 635 3100 permolle
665 3037 766 3100 genus
795 3015 960 3100 loquendi.
1003 3016 1125 3082 Versus
1147 3020 1256 3081 autem
1278 3014 1392 3080 molles
1413 3033 1452 3080 ac

217 3123 375 3193 delicatos
398 3125 543 3192 conferre
564 3131 694 3213 poetam
718 3149 790 3193 cum
812 3149 904 3195 ramo
927 3133 1057 3210 „vetere
1080 3129 1201 3196 cortice
1222 3129 1356 3214 pingui“
1384 3127 1452 3194 veri

215 3236 319 3303 simile
342 3237 421 3304 mihi
443 3260 508 3305 non
530 3244 589 3306 est.
613 3239 737 3319 Quibus
760 3240 1451 3322 1111111196.971(111111)1111(111111111,

214 3351 335 3418 moveri
364 3371 417 3417 me
446 3351 561 3422 fateor.
592 3353 674 3420 Tum
695 3376 725 3421 v.
751 3355 924 3420 aspersio
946 3355 1190 3421 attribuendum
1211 3375 1283 3422 esse
1303 3357 1451 3438 apparet.

213 3464 299 3530 Num
321 3485 433 3531 versus
456 3471 626 3550 sequentes
649 3471 807 3551 quattuor
827 3474 944 3552 poetae
967 3468 1031 3534 sint
1053 3473 1111 3534 aut
1133 3467 1278 3548 alterius,
1300 3465 1452 3532 difficilli-

214 3597 302 3643 mum
325 3584 374 3645 est
396 3577 583 3644 diiudicata.
617 3575 730 3648 Heinr.
752 3585 883 3666 poetam
904 3581 1010 3665 ipsum
1031 3581 1122 3665 loqui
1145 3579 1332 3662 confirmat,
1364 3577 1450 3663 quod

213 3690 304 3756 nulla
335 3691 491 3758 sermonis
524 3690 712 3757 vicissitudo
745 3691 918 3759 indicatur.
965 3692 1028 3758 Sed
1059 3693 1144 3759 hanc
1177 3692 1337 3758 rationem
1370 3691 1451 3756 satis

216 3801 324 3868 valere
352 3823 417 3868 non
447 3809 527 3888 puto
548 3803 592 3870 ad
614 3804 798 3888 opinionem
819 3803 909 3870 illam
930 3805 1112 3872 tutandam.
1150 3803 1343 3888 Saepissime
1366 3804 1451 3871 enim

213 3913 249 3980 in
272 3915 381 3980 satiris
402 3915 531 3997 accidit,
554 3917 691 3983 utnullo
703 3915 799 3984 modo
808 3937 1021 4002 personarum
1028 3906 1250 3984 vicissitudine
1268 3915 1451 4001 significata

216 4025 323 4093 subito
372 4031 471 4110 atque
515 4027 656 4113 abrupte
702 4029 808 4095 altera
854 4049 1033 4095 sermonem
1076 4029 1227 4114 excipiat.
1294 4027 1344 4095 Ad
1365 4029 1450 4096 hauc

215 4137 440 4222 quaestionem
470 4159 509 4204 ex
529 4140 580 4221 iis,
614 4161 698 4224 quae
720 4139 816 4207 Jahn.
838 4140 879 4208 de
899 4141 1002 4208 Persii
1023 4141 1150 4226 dialogo
1173 4141 1275 4208 fusius
1298 4142 1450 4228 explana·
1501 4161 1504 4168 ⁴

212 4251 260 4319 vit
282 4251 391 4336 (proll.
413 4274 446 4337 p.
470 4254 636 4342 84-108)
658 4273 764 4339 pauca
791 4253 855 4320 huc
877 4252 993 4320 afferre
1015 4254 1129 4320 liceat:
1167 4252 1253 4318 Illud
1273 4254 1367 4332 enim,
1401 4253 1450 4318 in-

212 4362 294 4445 quit,
316 4382 381 4429 non
402 4369 512 4449 potest
534 4367 656 4451 negari,
678 4365 824 4432 Persium
846 4367 987 4433 omnium
1010 4385 1136 4432 summa
1157 4364 1310 4431 libertate
1332 4367 1366 4430 in
1400 4365 1448 4430 di-

213 4474 377 4560 sponendo
393 4473 522 4566 dialogo
536 4479 595 4563 uti,
619 4480 723 4547 11111
745 4479 855 4564 prouti
876 4478 968 4547 lubet
989 4477 1143 4548 adhibeat
1165 4480 1201 4544 11
1221 4475 1394 4562 abrumpat
1415 4481 1449 4543 et
