3294 4700
789 965 869 1049 aa
978 930 979 933 ’

603 1120 661 1184 De
690 1119 832 1184 Persii
861 1139 1058 1184 sermone.

314 1293 400 1359 Illud
434 1294 592 1372 Senecae,
621 1292 707 1376 quod
741 1297 792 1358 est
820 1293 854 1358 in
888 1291 1027 1376 epistola
1049 1291 1118 1356 eius
1144 1291 1219 1357 114:
1262 1290 1367 1372 ,Talis
1389 1289 1452 1355 fuit

209 1404 393 1471 hominibus
419 1407 540 1486 oratio,
569 1406 674 1489 qualis
701 1406 786 1470 vita“
822 1406 856 1470 in
887 1405 1036 1470 Persium
1063 1403 1203 1470 maxime
1234 1402 1350 1469 cadere
1372 1401 1451 1466 mihi

208 1515 346 1582 videtur.
380 1519 417 1583 'A
445 1517 550 1602 prima
579 1518 799 1584 adolescentia
827 1517 870 1584 ad
897 1517 1136 1603 philosophiam
1169 1517 1304 1582 stoicam
1335 1535 1369 1580 se
1394 1535 1451 1598 ap-

208 1628 334 1712 plicuit.
379 1630 542 1696 Utebatur
569 1631 714 1696 amicitia
741 1631 883 1698 virorum
915 1635 984 1696 tum
1008 1629 1280 1708 doctissimorum,
1304 1626 1450 1706 Cornuti,

212 1739 319 1806 Cassii
346 1743 457 1824 Bassi,
486 1743 639 1825 aliorum,
669 1743 725 1827 qui
754 1743 788 1809 in
810 1743 942 1810 illorum
964 1747 1147 1827 temporum
1169 1741 1385 1825 perversitate
1407 1738 1451 1805 ad

209 1853 447 1939 philosophiam
474 1856 704 1941 profugerant,
732 1861 770 1922 ut
791 1856 867 1923 inde
891 1856 1043 1922 solatium
1066 1875 1106 1920 ao
1128 1873 1254 1920 morum
1277 1850 1450 1918 effrenato·

209 1987 283 2031 rum
303 1968 483 2033 remedium
504 1973 664 2053 peterent.

315 2079 465 2146 Lascivia
486 2081 705 2166 mollitiesque
728 2087 919 2166 corruperat
941 2101 1061 2161 mores,
1090 2080 1193 2144 virtus
1215 2078 1274 2144 illa
1296 2077 1451 2157 Romana,

212 2211 295 2274 quae
317 2190 438 2258 liberae
461 2192 658 2278 reipublicae
686 2193 887 2278 temporibus
910 2193 1067 2277 viguerat,
1090 2191 1283 2258 omniafere
1306 2191 1452 2257 extincte

210 2303 282 2370 fuit.
331 2304 508 2370 Libertatis
536 2307 695 2390 ingenuae
723 2307 845 2372 caritas
877 2327 916 2372 ac
939 2305 1132 2372 desiderium
1158 2309 1301 2370 cesserat
1322 2301 1451 2368 humili·

210 2417 272 2480 tati
294 2416 437 2483 nefariae
459 2417 660 2502 abiectisque
682 2418 934 2500 adulationibus,
957 2416 1075 2503 quibus
1097 2418 1261 2502 principes
1284 2421 1317 2482 et
1335 2415 1452 2482 divites

211 2529 304 2612 quasi
331 2528 563 2599 obruebantur.
607 2531 736 2598 Veritas
766 2554 804 2599 ac
830 2532 958 2598 iustitia
989 2552 1054 2598 non
1076 2531 1141 2595 iam
1163 2529 1198 2594 in
1219 2529 1325 2613 pretio
1347 2532 1452 2608 erant,

212 2646 413 2707 successerat
446 2642 632 2709 divitiarum
663 2645 781 2711 nimius
819 2649 975 2728 quaestus
1008 2643 1226 2709 othonorum
1253 2641 1452 2724 nequissima

211 2753 356 2820 ambitio.
406 2754 523 2839 Atque,
552 2758 701 2840 quitum
728 2757 929 2842 gubernabat
960 2755 1204 2841 rempublicam,
1226 2753 1313 2819 Nero
1335 2753 1451 2818 horum

211 2867 331 2932 aetatis
361 2867 515 2932 vitiorum
547 2873 717 2953 tamquam
744 2869 878 2954 signifer
899 2868 972 2936 fuit.
1017 2868 1129 2951 Neque
1152 2874 1261 2932 tamen
1284 2887 1390 2932 mores
1412 2886 1451 2931 ac

211 2978 280 3042 vita
304 2983 434 3044 tantum
461 2979 583 3046 infecta
602 2987 707 3050 erant
738 2982 913 3066 pravitate,
942 2982 977 3045 in
1006 2980 1134 3045 litteras
1163 3000 1307 3062 quoque,
1331 2987 1368 3044 ut
1391 2977 1448 3044 ad·

213 3089 317 3169 solet,
350 3091 516 3175 irruperat
556 3093 734 3176 corruptio.
794 3091 999 3176 Quantopere
1033 3092 1165 3176 plurimi
1205 3091 1294 3156 illius
1328 3091 1448 3157 aetatis

212 3202 386 3287 scriptores
408 3202 487 3268 luxu
510 3207 543 3268 et
564 3204 701 3270 mollitie
724 3203 925 3270 diffluxerint
946 3211 980 3271 et
1001 3205 1035 3270 in
1059 3225 1097 3271 eo
1119 3225 1276 3270 summam
1292 3203 1448 3270 orationis
1495 3225 1498 3236 ·

211 3314 388 3400 posuerint,
415 3321 452 3382 ut
473 3317 615 3383 molliter
637 3316 776 3383 fluerent
798 3316 906 3399 verba,
929 3318 1058 3384 Persius
1080 3318 1114 3382 in
1137 3318 1204 3384 Sat.
1229 3317 1254 3398 I,
1278 3338 1343 3402 qua
1365 3316 1453 3382 litte·

214 3449 325 3495 rarum
357 3434 478 3495 statum
508 3430 658 3514 castigat,
680 3431 750 3515 ipse
772 3434 926 3498 testatur.
971 3429 1056 3509 Quid
1077 3431 1205 3512 miruin,
1228 3430 1315 3514 quod
1336 3429 1371 3494 iu
1391 3428 1454 3494 hac

214 3542 344 3608 virtutis
381 3563 420 3608 ac
458 3542 585 3610 roboris
620 3543 832 3610 dissolutione
871 3543 933 3608 viri
966 3543 1112 3609 veritatis
1146 3547 1292 3609 amantes
1331 3539 1454 3606 taedio·

214 3675 278 3738 que
308 3653 417 3720 affecti
446 3639 602 3722 lasciviae
631 3657 665 3722 in
692 3676 798 3722 mores
829 3661 862 3721 et
891 3653 1019 3722 litteras
1045 3655 1227 3739 ingruentis
1249 3654 1292 3722 ad
1313 3653 1455 3738 philoso-

214 3766 341 3851 phiam,
374 3769 442 3834 veri
473 3788 513 3834 ac
551 3767 628 3834 boni
661 3769 868 3855 magistram,
904 3789 939 3834 se
972 3772 1210 3833 converterunt.
1271 3767 1353 3832 Tum
1382 3771 1454 3832 erat

214 3879 362 3963 inprimis
390 3879 595 3964 philosophia
625 3881 745 3963 stoica,
788 3881 831 3946 ad
861 3901 957 3965 quarn
989 3881 1129 3965 optimus
1160 3880 1296 3964 quisque
1323 3878 1454 3963 refugit.

214 3991 346 4058 Persius
374 4011 502 4076 quoque
529 3993 671 4060 maximo
702 3993 809 4060 studio
837 3994 987 4078 omnique
1013 3992 1145 4059 iuvenili
1167 3991 1284 4060 ardore
1306 3991 1348 4059 ad
1369 3991 1454 4058 hano

215 4107 358 4173 animum
400 4106 519 4188 vertit,
558 4105 592 4172 id
625 4105 715 4191 quod
748 4126 859 4173 omnes
893 4107 962 4172 eius
992 4107 1132 4188 satirae,
1171 4107 1278 4191 prima
1315 4105 1453 4172 fortasse

215 4224 363 4304 excepta,
400 4218 474 4284 luce
516 4218 636 4286 clarius
669 4219 855 4288 ostendunt.
906 4220 1003 4294 ,Hanc
1037 4217 1164 4284 brevem
1201 4218 1452 4303 disputationem

196 4351 312 4415 ·quem
340 4331 382 4398 ad
411 4331 508 4398 finem
540 4331 755 4414 instituerim,
784 4338 930 4418 apparet,
961 4351 1033 4397 eum
1061 4330 1131 4396 sola
1157 4330 1276 4397 aetatis
1305 4349 1344 4395 ac
1366 4329 1453 4394 vitae

217 4443 359 4528 cognitio
392 4444 495 4510 Persii
527 4445 667 4512 sermoni
696 4445 802 4512 lucem
835 4443 960 4512 afferat.
1016 4441 1158 4508 Multum
1186 4441 1271 4508 enim
1300 4445 1454 4506 accusata

216 4561 267 4622 est
295 4555 399 4623 Persii
428 4557 611 4626 obscuritas
643 4563 677 4626 et
705 4557 811 4646 rigida
833 4557 989 4640 brevitas,
1018 4574 1124 4640 neque
1150 4553 1286 4636 iniuria,
1316 4547 1453 4619 etmihi
