3294 4700
813 45 851 107 12

729 131 936 144 ———-.—

213 227 350 298 videtur.
403 233 566 304 Nonnulla
599 242 727 323 quidem
762 246 855 314 nobis
877 248 1017 316 obscura
1043 252 1199 323 Romanis
1221 257 1308 324 illius
1330 263 1451 329 aetatis

213 342 320 408 nescio
350 365 392 410 an
414 346 534 415 fuerint
557 351 645 419 clara
675 361 774 441 atquo
796 362 983 445 perspicua,
1017 368 1210 448 praesertim
1233 390 1306 436 cum
1330 373 1452 440 satirae

212 454 440 536 praelectionis
469 463 551 529 artis
572 466 714 534 eximiae
744 471 930 556 indigeant,
959 495 1042 560 quae
1069 483 1137 543 tum
1161 483 1300 549 maxime
1322 484 1452 568 vigebat

213 570 246 629 et
268 569 493 640 excolebatur:
524 581 670 644 attamen
692 587 819 648 restant
840 585 903 651 loci
926 589 1091 671 permulti,
1115 592 1262 674 quisine
1286 595 1384 662 dubio
1410 619 1451 664 ex

212 677 253 743 iis
285 679 385 764 vitiis,
419 706 502 768 quae
531 691 626 758 modo
659 699 914 781 commemoravi,
936 699 1098 769 laborant.
1143 705 1315 772 Rationem
1338 715 1448 776 autem

212 789 328 857 horum
351 795 502 866 vitiorum
525 804 745 884 gravissimam
770 830 834 874 uon
856 811 904 876 ita
919 812 952 876 iu
969 834 1006 879 eo
1023 817 1197 899 posuerim,
1221 819 1307 901 quod
1323 821 1452 888 Persius

212 912 335 987 pugnet
357 909 594 990 quodammodo
617 938 689 982 cum
712 940 859 988 sermone
882 921 915 988 et
937 945 1020 1008 quae
1042 932 1182 993 mentem
1206 929 1350 1013 agitant,
1386 955 1452 1000 uon

213 1015 277 1080 nisi
301 1039 422 1103 magno¹
450 1023 574 1108 impetu
603 1035 636 1094 et
665 1031 784 1098 iterum
814 1035 996 1120 iterumque
1025 1060 1196 1123 aggressus
1229 1043 1282 1107 vix
1319 1045 1452 1111 tandem

212 1127 358 1210 proferat
393 1133 503 1220 (Jahn.
537 1139 632 1222 proll.
665 1165 741 1227 pag.
779 1148 853 1231 36),
895 1150 953 1214 sed
985 1152 1094 1235 potius
1123 1153 1157 1217 in
1188 1153 1262 1218 nisu
1298 1155 1452 1222 adversus

214 1244 412 1310 contrarium
446 1269 546 1334 genus
580 1254 751 1324 scribendi.
797 1259 915 1327 Omnes
945 1268 1015 1328 tum
1046 1265 1141 1330 stoici
1163 1287 1234 1332 seso
1256 1266 1453 1335 obiiciebant

212 1352 338 1436 vulgari
359 1357 485 1426 levitati
508 1384 547 1428 ac
569 1364 716 1432 difluenti
738 1371 886 1438 mollitiei
908 1375 977 1440 rita
999 1397 1063 1442 non
1086 1377 1192 1443 minus
1208 1400 1307 1462 quam
1322 1380 1450 1448 litteris.

213 1464 315 1542 Quam
339 1469 500 1540 diversum
531 1494 552 1542 a
580 1479 674 1564 vulgo
696 1481 844 1549 habitum
867 1493 900 1550 et
922 1507 1067 1554 severum
1090 1490 1190 1556 etiam
1212 1491 1291 1557 foris
1313 1514 1393 1577 prae
1415 1515 1450 1560 se

213 1577 364 1662 tulerint,
395 1585 504 1670 colligi
533 1596 641 1673 potest
671 1615 710 1658 ex
746 1595 1011 1682 philosophorum
1040 1601 1199 1686 imagine,
1232 1625 1331 1687 quam
1353 1626 1451 1690 supra

211 1691 342 1758 modum
365 1697 495 1779 quidem
518 1712 747 1788 exaggeratam
770 1711 915 1778 centurio
938 1711 972 1776 in
996 1711 1063 1779 Sat.
1086 1713 1136 1778 III
1157 1715 1315 1800 depingit.

314 1807 431 1893 ltaque
464 1813 541 1897 quin
578 1817 675 1883 aliter
716 1822 973 1888 conformaretur
1014 1826 1115 1892 Persii
1149 1849 1255 1894 sermo
1287 1829 1340 1894 vix
1380 1828 1452 1895 fieri

211 1918 335 2000 potuit,
372 1943 444 1988 oum
481 1926 669 1996 adolescens
703 1954 814 1999 severa
846 1935 1072 2021 philosophiae
1105 1939 1277 2024 disciplina
1306 1940 1451 2008 imbutus

212 2051 400 2118 summoque
429 2025 560 2106 fastidio
592 2042 743 2110 lasciviae
777 2069 903 2114 morum
936 2071 975 2114 ac
1005 2051 1191 2116 litterarum
1221 2051 1358 2119 affectus
1386 2056 1450 2120 vim

211 2146 389 2212 masculam
419 2157 517 2234 atque
546 2155 687 2240 rigorem
713 2159 887 2240 pristinum
910 2161 1091 2229 Romanum
1114 2184 1193 2248 prae
1216 2185 1250 2229 se
1274 2163 1359 2230 ferre
1383 2171 1451 2231 stu-

212 2255 313 2325 deret.
365 2260 507 2346 Ideoque
545 2287 609 2332 non
651 2291 726 2336 raro
768 2271 807 2336 de
845 2273 1007 2339 industria
1045 2274 1238 2359 abrumpere
1273 2277 1452 2358 sententias

212 2369 357 2436 Persium
381 2373 618 2460 deprehendes3
642 2384 805 2466 permulta
827 2407 866 2449 ex
888 2387 1041 2470 populari
1063 2409 1210 2452 sermone
1234 2387 1391 2470 adhibuit,
1416 2395 1454 2454 ut

212 2502 309 2564 quam
332 2485 547 2555 alienissimus
568 2491 733 2559 videretur
755 2496 796 2561 ab
820 2500 907 2564 omni
930 2499 1086 2564 orationis
1108 2500 1199 2566 inani
1222 2500 1451 2570 ostentatione.

212 2593 283 2660 Hoc
306 2596 401 2664 laude
424 2622 489 2666 non
512 2610 620 2686 caret,
644 2607 749 2689 quod,
779 2609 834 2675 ubi
864 2611 1006 2677 alterum
1032 2611 1218 2695 loquentem
1240 2611 1379 2694 inducit,
1402 2615 1451 2680 ita

211 2705 305 2789 fingIt
342 2731 542 2794 sermonem,
573 2723 610 2782 ut
640 2739 712 2783 oum
747 2721 932 2788 conditione
966 2727 1146 2806 naturaque
1180 2726 1248 2790 eius
1273 2725 1451 2792 conveniat.

213 2817 330 2886 Videas
356 2823 422 2892 Sat.
451 2826 476 2892 1.
507 2849 536 2895 v.
561 2834 612 2898 24.
636 2833 687 2912 25,
710 2831 766 2896 ubi
789 2854 893 2899 sermo
917 2841 1050 2920 propter
1072 2837 1331 2920 comparationes
1353 2836 1450 2902 nimis

213 2937 386 3015 quaesitas
407 2937 450 3004 ad
471 2945 588 3024 poetae
610 2943 697 3010 illius
721 2947 796 3012 vani
819 2967 857 3012 ac
879 2946 1010 3032 superbi
1031 2946 1171 3014 indolem
1194 2949 1275 3016 mire
1298 2948 1449 3033 quadrat.

215 3045 369 3140 Eiusdem
406 3053 453 3118 rei
483 3053 584 3120 habes
621 3059 803 3142 exemplum
842 3061 876 3124 in
907 3061 974 3128 Sat.
1012 3061 1038 3126 1.
1075 3081 1124 3128 vr.
1163 3064 1202 3126 65
1240 3083 1329 3146 sqq,
1367 3062 1456 3146 quod

213 3159 277 3224 iam
308 3183 408 3246 supra
438 3171 695 3240 commemoravi.
748 3174 795 3238 Ao
826 3194 923 3256 quam
952 3173 1100 3258 proxime
1127 3195 1232 3240 sermo
1256 3175 1454 3246 centurionis

217 3271 274 3354 ,de
302 3281 397 3358 gente
427 3277 572 3346 hircosa“
600 3281 643 3346 ad
666 3284 735 3348 eius
757 3289 908 3350 naturam
930 3286 1072 3367 accedit;
1110 3307 1207 3369 quam
1221 3289 1358 3372 'egregie
1381 3309 1455 3356 con·

212 3387 300 3452 veuit
330 3389 541 3474 interrogatio
570 3399 603 3458 et
625 3395 776 3462 mirantis
799 3397 947 3464 simulet
968 3397 1155 3463 irridentis:
1184 3397 1268 3480 ,Cur
1293 3401 1366 3484 quis
1389 3423 1455 3466 non

200 3499 388 3584 prandeat,
425 3502 487 3568 hoc
517 3506 606 3570 estl“
661 3509 743 3573 Item
773 3511 856 3574 mori
884 3511 1050 3576 hominum
1082 3532 1212 3594 corum,
1248 3513 1303 3598 qui
1332 3513 1455 3579 malum

213 3613 299 3696 quod
327 3615 390 3698 ipsi
419 3618 650 3712 commiserunt
674 3621 705 3686 in
728 3629 895 3687 monentes
919 3622 1097 3689 transferre
1121 3624 1243 3706 solent,
1267 3625 1456 3690 convenien-

212 3724 338 3792 tissima
367 3733 417 3794 est
446 3731 537 3815 aegri
565 3735 732 3817 responsio
755 3735 797 3800 ad
821 3733 965 3800 benevoli
987 3735 1157 3802 monitoris
1179 3736 1294 3802 verba:
1335 3738 1396 3818 „At
1418 3742 1456 3802 tu

214 3839 357 3907 deterius
378 3844 510 3928 palles.“
559 3845 642 3933 (Sat.
665 3849 722 3917 ΙΙΙ.
746 3872 775 3916 v.
799 3849 865 3937 96.)

284 3979 286 3982 ·
315 3955 396 4022 Rem
425 3959 673 4026 minutissimam
694 3961 840 4026 Persium
863 3960 1035 4027 observare
1058 3962 1093 4026 in
1115 3983 1262 4028 sermone
1285 3962 1367 4029 bene
1390 3963 1456 4030 for-

215 4065 351 4149 mando,
375 4069 545 4156 intelleges
568 4093 607 4138 ex
631 4073 698 4139 Sat.
721 4073 747 4155 I,
769 4096 799 4142 v.
824 4076 895 4142 112.
940 4073 1003 4138 Hic
1026 4074 1111 4138 enim
1132 4075 1240 4141 iocose
1261 4076 1367 4160 legem
1385 4075 1456 4142 imi·

216 4183 308 4246 tatur
341 4181 479 4269 ideoque
508 4182 613 4250 forma
642 4184 732 4251 verbi
755 4185 901 4252 obsoleta
924 4185 1040 4268 „faxit“
1067 4187 1234 4271 aptissime
1255 4189 1368 4256 utitur.
1413 4189 1458 4256 At

214 4311 278 4358 non
302 4314 423 4377 paucos
446 4297 533 4364 locos
557 4297 710 4381 reperies,
734 4299 790 4382 qui
812 4298 924 4366 limam
947 4304 1125 4366 extremam
1148 4298 1241 4366 ualde
1259 4299 1456 4390 desiderant,

213 4403 333 4488 quique
356 4407 535 4476 ostendunt
568 4408 670 4474 Persii
704 4411 847 4477 carmina
881 4433 945 4479 uon
968 4417 1083 4505 sponte
1106 4412 1156 4477 rel
1179 4412 1247 4478 sine
1269 4435 1386 4498 magno
1407 4415 1456 4481 la·

212 4520 291 4595 bore
322 4541 362 4590 ex
390 4520 519 4609 iugenio
551 4541 770 4609 promanasse.
794 4523 971 4608 —Neque
999 4545 1095 4591 rarae
1125 4524 1279 4609 loquendi
1300 4525 1454 4594 boentius
