3294 4700
655 901 1045 1016 PERSIANA.

762 1326 880 1415 Pars
911 1331 945 1418 I.

386 1539 620 1640 Observationes
650 1544 775 1672 aliquae
805 1547 844 1641 ud
875 1548 971 1642 Persii
1001 1549 1116 1646 satiras
1146 1552 1318 1649 uniuersas.

812 1774 840 1858 g.
866 1778 894 1839 1.

446 1907 502 1973 De
531 1908 737 1993 exemplis
766 1915 809 1975 et
840 1913 1250 1996 comparationibus.

335 2045 462 2111 Satirae
492 2043 635 2111 officium
664 2047 699 2111 in
726 2067 765 2113 oo
787 2054 953 2130 versatur,
982 2056 1019 2116 ut
1042 2052 1198 2136 cuiusque
1221 2052 1343 2119 saecuti
1361 2073 1468 2120 mores
1586 2042 1589 2050 ¹

230 2161 399 2241 corruptos
433 2158 573 2242 castiget
601 2151 811 2243 hominesque
840 2181 1010 2244 perversos
1040 2185 1079 2230 ao
1108 2163 1149 2230 de
1183 2165 1237 2231 via
1258 2171 1350 2232 reeta
1372 2166 1470 2232 decli-

229 2275 345 2335 nantes
373 2269 416 2336 ad
445 2271 598 2337 virtutem
621 2272 789 2356 iustosque
811 2293 917 2338 mores
942 2281 1082 2344 reuocet.
1127 2275 1229 2355 Quam
1253 2277 1393 2344 multum
1414 2297 1469 2344 ua·
1589 2353 1592 2358 Δ

228 2381 296 2448 leat
318 2382 361 2447 ad
382 2383 463 2448 uitia
485 2382 641 2464 sananda,
665 2404 738 2449 oum
760 2384 840 2450 haee
862 2385 934 2469 ipsa
955 2387 1061 2454 vivide
1076 2393 1153 2454 anto
1169 2389 1278 2455 oculos
1293 2393 1468 2473 ponuntur,

228 2495 301 2580 quis
332 2500 384 2561 est
406 2495 485 2578 quin
507 2495 640 2568 uideat?
671 2496 753 2561 Tum
775 2498 861 2562 enim
884 2503 1001 2564 ornatu
1023 2498 1205 2581 nudantur,
1228 2521 1292 2584 quo
1315 2521 1410 2584 saepe
1433 2502 1469 2566 in

228 2608 296 2672 uita
319 2608 413 2691 quasi
428 2606 498 2672 uelo
515 2605 656 2691 quodam
671 2608 817 2691 specioso
836 2613 1002 2692 teguntur,
1024 2616 1123 2696 atque
1146 2615 1218 2678 tota
1233 2632 1345 2678 eorum
1360 2610 1466 2678 defor-

228 2721 325 2786 mitas
354 2719 483 2804 penitus
513 2724 690 2804 spectatur.
734 2720 850 2804 Itaque
873 2722 1047 2787 satirarum
1071 2722 1246 2808 scriptores
1267 2723 1301 2788 in
1324 2743 1361 2789 eo
1384 2721 1467 2788 mul·

228 2839 298 2897 tum
328 2851 445 2915 operae
475 2851 595 2916 ponere
624 2852 756 2898 necesso
786 2838 875 2914 erat,
904 2839 941 2898 ut
970 2833 1064 2915 uitia,
1094 2855 1233 2918 quorum
1260 2833 1405 2900 taedium
1427 2853 1466 2900 ac

229 2943 396 3010 fastidium
419 2941 614 3024 excitabant,
635 2948 804 3026 tamquam
827 2943 958 3028 speculo
980 2945 1069 3011 claro
1091 2950 1386 3030 repraesentarent.

334 3055 441 3138 Atque
470 3053 532 3120 hoo
561 3072 627 3118 non
656 3057 733 3136 apte
761 3053 842 3119 fieri,
862 3074 957 3138 posse
988 3054 1281 3140 disputationibus,
1314 3077 1398 3142 quae
1431 3055 1467 3124 in

230 3168 416 3235 uniuersum
444 3168 622 3250 vagantur,
653 3164 713 3231 sed
732 3165 836 3232 multo
858 3166 973 3233 melius
995 3167 1150 3252 exemplis
1172 3168 1270 3234 certis
1290 3172 1391 3253 atque
1413 3188 1467 3236 ex·

228 3281 349 3368 pressis
379 3299 472 3345 nemo
504 3277 647 3362 negabit.
705 3277 809 3357 Quam
838 3282 944 3344 artem
972 3279 1102 3346 Persius
1123 3280 1158 3346 in
1181 3279 1353 3366 exemplis,
1382 3299 1467 3365 quae

229 3392 325 3461 affert
351 3390 394 3458 ad
415 3411 524 3457 rerum
546 3389 836 3472 adumbrationem,
867 3390 1033 3476 eligendis,
1057 3390 1269 3476 depingendis
1290 3395 1390 3475 atque
1412 3411 1467 3457 ex-

229 3503 383 3572 ornandis
419 3502 640 3587 praostiterit,
679 3502 863 3568 accuratius
898 3501 1056 3587 dispicere
1086 3523 1205 3587 operae
1233 3503 1376 3588 pretium
1406 3507 1466 3571 oet.

229 3617 374 3684 Plurima
400 3616 485 3700 petit
516 3613 663 3698 exempla
692 3633 710 3679 e
739 3613 807 3680 vita
829 3615 992 3680 communi
1015 3613 1088 3702 (cfr.
1111 3613 1199 3680 Jahn
1219 3612 1322 3698 praef.
1344 3635 1378 3699 p.
1402 3617 1464 3681 106

230 3733 265 3796 et
286 3750 318 3813 p.
342 3728 398 3813 83)
419 3726 454 3792 id
477 3726 565 3812 quod
587 3726 708 3793 satirae
721 3725 861 3792 maxims
877 3727 1035 3808 conuenit,
1058 3746 1132 3792 eum
1146 3726 1311 3811 praesenti
1326 3725 1468 3809 quodam

230 3842 356 3924 impetn
385 3844 420 3905 et
448 3844 584 3925 aspectu
613 3837 825 3919 delictorum,
857 3857 940 3921 quae
963 3838 1057 3921 quasi
1078 3841 1155 3903 ante
1177 3857 1253 3904 snos
1275 3837 1387 3905 oeulos
1408 3858 1466 3922 pa-

232 3955 381 4034 trantur,
418 3950 462 4018 ad
502 3948 707 4017 scribendam
743 3948 835 4016 illam
875 3949 1035 4016 excitetur
1068 3953 1168 4034 poeta
1202 3969 1242 4017 ac
1287 3952 1466 4016 moveatur.

229 4064 361 4134 Etenim
383 4063 486 4130 satira
505 4062 541 4128 in
561 4060 670 4128 media
691 4061 759 4128 uita
780 4064 939 4144 versatur,
962 4065 1150 4145 praesentes
1171 4061 1318 4128 homines
1339 4080 1466 4128 eorum·

230 4199 295 4264 qne
324 4196 431 4246 mores
463 4174 616 4260 corripit,
648 4194 715 4241 non
735 4173 780 4241 ad
800 4174 912 4259 priora
933 4177 1083 4260 tempora
1102 4174 1154 4241 uel
1174 4175 1301 4260 priores
1322 4171 1469 4240 homines

231 4290 366 4360 recedit.
394 4289 443 4356 Ac
464 4288 619 4356 miremur
634 4289 765 4372 oportet
778 4286 883 4354 Persii
897 4286 983 4354 uitae
1000 4286 1170 4354 seientiam
1184 4286 1284 4372 idque
1299 4305 1337 4353 eo
1352 4284 1467 4370 magis,

233 4402 321 4490 quod
340 4406 551 4488 praematura
571 4401 678 4466 morte
698 4396 871 4485 abreptum
893 4419 966 4466 eum
989 4419 1059 4466 osse
1081 4398 1210 4466 scimus.
1238 4399 1376 4483 Propter
1383 4396 1468 4463 hauc

231 4517 337 4603 ipsam
359 4513 528 4582 scientiam
549 4513 599 4582 illi
620 4512 682 4582 uiri
703 4509 793 4580 docti
813 4511 920 4605 minue
941 4516 1029 4580 recto
1051 4508 1196 4578 iudicare
1210 4508 1290 4578 mihi
1304 4506 1474 4594 uidentur,
